4446 6000
316 492 416 603 179
698 510 1139 579 annosarsonas
1178 510 1253 573 nn
1293 510 1411 576 seu
1435 514 1569 579 vm.
1674 560 1680 571 .

350 703 384 760 ln
398 703 524 761 secundo
537 700 620 759 libro.
643 697 700 772 agit
714 696 748 752 da
764 692 928 769 Disciplinis
941 690 1130 759 Liberalibus,
1141 689 1345 761 Grammatico,
1358 691 1519 762 Rhetorica,
1534 696 1651 773 Lagina,
1667 696 1886 772 Mathsmnts'ca,

314 826 378 881 quae
393 808 462 864 alias
485 811 566 862 Artes
579 801 731 861 includunt
750 797 971 865 Aritlnreticastt,
985 794 1179 862 Geismetriam,
1203 794 1352 864 illustram,
1368 810 1397 854 et
1418 799 1800 881 Astranomiamr-Capellae
1824 806 1893 865 Dis·

315 908 448 984 ciplinam
462 907 547 964 fusius
560 904 695 981 explicat,
710 923 745 960 ex
759 903 788 960 S.
803 900 951 975 Augustini
968 899 1063 975 Opere
1077 898 1224 974 deperdito
1238 903 1257 931 ‘⁴
1271 897 1467 969 DeMusieu,”
1480 903 1525 975 (1)
1542 917 1575 960 et:
1586 925 1623 961 ex
1638 906 1711 973 aliis,
1724 920 1753 964 et
1767 906 1813 963 has
1822 918 1892 966 sant
1947 896 1950 903 ’

234 1022 243 1040 ·
318 1014 416 1075 Artas,
431 1027 548 1084 ipsarum
565 1008 674 1076 studiis,
689 1006 826 1064 doctrinas
841 1004 925 1071 sama,
949 1013 977 1060 et
992 1001 1126 1059 Doctocis
1149 1001 1262 1058 Laurea
1284 1001 1351 1058 olim
1376 1003 1404 1059 in
1431 1003 1573 1062 Hibernia·
1592 1009 1892 1083 consequebantur.-

314 1113 432 1187 Scripsit
444 1123 581 1187 praterea
594 1110 789 1176 Cassiodorus,
803 1127 878 1165 anno
889 1103 958 1175 563,
973 1107 1076 1162 librum
1090 1106 1234 1180 egregium
1248 1107 1284 1161 de
1300 1104 1537 1180 ortographiae.
1555 1107 1718 1185 Scriptura,
1731 1109 1814 1184 cujus
1832 1111 1891 1168 tta·

313 1216 393 1292 gulas
406 1215 549 1290 excerpsit
575 1234 612 1271 ex
632 1213 671 1269 xii
688 1211 803 1268 vetustis
823 1209 1023 1286 Scriptorihus,
1038 1228 1159 1284 quorum
1175 1207 1290 1265 ultimus
1304 1209 1358 1265 fuit
1379 1208 1428 1266 ille
1449 1210 1507 1286 ipse
1520 1211 1691 1282 Priscianus,
1710 1210 1892 1290 (1⁰⁸me

313 1317 392 1394 gallo
411 1316 577 1373 llibernensi
592 1315 757 1373 familiarem
773 1313 866 1376 luisse,
879 1312 950 1370 inira
965 1332 1000 1369 ex
1016 1312 1178 1369 bluratorio
1188 1311 1307 1388 patebit.
1348 1312 1466 1369 Plurimi
1480 1315 1505 1372 ei
1517 1313 1648 1372 tribuunt
1660 1314 1743 1392 Opus
1755 1317 1792 1374 de
1803 1314 1892 1375 Cem-

316 1430 386 1497 puto
412 1419 541 1476 Paschnli
566 1421 702 1495 scriptum
722 1437 797 1475 anno
820 1412 887 1474 569.
931 1417 1040 1473 Floruit
1063 1435 1128 1490 ergo
1152 1435 1209 1490 quo
1232 1426 1357 1491 tempore
1384 1415 1522 1474 florebant
1535 1418 1566 1475 in
1590 1417 1892 1481 HiberniaFt‘nsims

315 1523 541 1592 Cleonardensis,
556 1521 674 1578 Sinellus
689 1522 717 1578 S.
729 1521 899 1578 Columhani
915 1520 1064 1594 Magister,
1074 1522 1126 1577 sub
1136 1538 1192 1595 quo
1201 1518 1288 1575 Artes
1298 1519 1423 1577 liberales
1433 1520 1543 1590 didicit,
1552 1522 1595 1593 (9)
1607 1519 1740 1599 Cosagal,
1754 1518 1892 1595 Colania

314 1627 418 1701 aliique
443 1626 636 1683 l‘libernorurn
652 1624 792 1697 Magistri,
807 1642 878 1698 quos
899 1622 928 1679 in
951 1623 1146 1680 Annetationa
1160 1623 1260 1679 Prima
1278 1623 1400 1680 breviter
1415 1625 1572 1693 numanati,
1591 1626 1719 1702 obiitque
1732 1644 1809 1699 snnp
1823 1621 1893 1697 566,

313 1730 400 1809 paulo
415 1741 562 1804 postquam
577 1728 783 1794 Columbanus,
806 1744 824 1781 a
837 1725 942 1782 Schola
957 1725 1065 1791 Sinelli,
1079 1725 1116 1782 sd
1130 1723 1163 1784 S.
1174 1723 1341 1801 comgellum
1360 1728 1598 1799 Benchorenssm,
1618 1729 1783 1789 liberalibus
1804 1730 1891 1789 disai-

316 1833 409 1910 plinis‚
431 1841 459 1888 et
475 1831 641 1887 Monosticis
656 1829 755 1886 studiis
767 1829 935 1885 erudiendus
949 1828 1085 1888 transivit.
1126 1828 1314 1903 Disciplinam
1326 1831 1490 1905 Augustini,
1515 1832 1664 1901 hiartiani,
1677 1845 1707 1892 et
1719 1834 1893 1906 Cassiodori,

317 1934 463 2010 explicent
476 1944 537 2007 post
551 1932 749 1989 Cassiodorurn
764 1929 851 2000 Beda,
862 1930 889 1986 in
905 1931 1002 2006 Opere
1016 1931 1053 1988 de
1070 1932 1140 1988 Arte
1153 1930 1327 2005 llhythmica
1337 1945 1367 1990 et
1381 1934 1513 2002 Metrias,
1537 1943 1571 1992 et
1583 1937 1692 1993 Auctor
1701 1936 1839 2005 incertas,
1860 1935 1890 1993 ni

317 2039 401 2099 fallor
416 2036 607 2102 hibernensis,
629 2034 678 2109 qui
702 2034 804 2090 librum
828 2033 938 2108 scripsit
961 2033 1007 2090 De
1025 2035 1098 2090 Arta
1116 2033 1239 2102 Mnus,
1257 2035 1372 2094 editum·
1390 2037 1419 2094 iu
1440 2036 1540 2095 mmo-1
1558 2037 1694 2114 Operum·
1711 2039 1806 2108 Beda,
1833 2039 1891 2097 uu

318 2143 396 2199 silem
413 2136 499 2207 1563,
512 2158 574 2215 pag.
587 2142 664 2204 3ῑ9;
686 2148 714 2194 et
728 2136 854 2193 Colonia
868 2135 1031 2212 Agrippinas
1047 2133 1134 2194 1612.

361 2246 413 2303 llis
432 2245 540 2320 positis,
566 2241 813 2318 explicanturjnni
828 2257 891 2317 quae
901 2239 929 2296 in
943 2239 1046 2299 nostris
1056 2240 1245 2316 scriptoribus
1260 2241 1294 2298 de
1305 2251 1406 2316 septem
1419 2243 1536 2301 Artibus
1546 2243 1709 2319 inquenter
1722 2254 1889 2309 occurrunt.

318 2351 351 2409 In
367 2349 394 2406 Τ
392 2349 475 2406 riveti
484 2348 638 2416 Chronico,
657 2347 749 2422 prisea
770 2345 1001 2402 Normannorurn
1021 2343 1118 2419 lingua
1132 2344 1304 2420 conscripto,
1327 2344 1483 2420 Dynotlus,
1503 2348 1557 2424 qui·
1571 2347 1683 2406 Sasculo
1697 2349 1734 2405 vii
1748 2349 1778 2406 in
1791 2350 1896 2411 wallia

318 2453 421 2521 floruit,
436 2450 557 2508 Clericus
571 2450 741 2527 appellatur,
756 2449 819 2504 hene
836 2447 960 2503 eruditus
973 2447 1001 2502 in
1012 2446 1048 2502 vii
1066 2446 1184 2503 Artibus
1198 2445 1376 2507 Liberalibus.
1401 2453 1448 2522 (3)
1483 2450 1650 2520 aldhelmus,
1664 2451 1771 2529 primus
1784 2453 1894 2531 Anglo·

320 2576 382 2614 runs
398 2557 447 2631 qui
459 2555 559 2613 Latine
569 2554 696 2611 cannina
705 2551 826 2626 scripsit,
839 2551 867 2606 in
882 2549 1009 2624 Epistola
1023 2551 1059 2606 ad
1072 2549 1239 2607 Fahlridum
1252 2561 1436 2610 revertentem
1451 2571 1488 2609 ax
1499 2553 1715 2623 Hibernia,-“
1729 2574 1784 2613 non
1795 2557 1891 2616 solum

317 2666 337 2697 “
353 2664 435 2719 Artes
449 2657 661 2725 Grammaticos,
669 2669 755 2731 atque
767 2654 964 2723 comerrien,
974 2655 1016 2711 bis
1026 2665 1178 2729 ternasque
1192 2653 1308 2711 (omissas
1317 2654 1440 2731 Elysiae
1447 2654 1526 2712 Artis
1538 2657 1693 2725 machinas,
1705 2658 1893 2735 quinimoAl·

319 2769 339 2797 “
354 2763 478 2838 legerim
492 2761 613 2836 pronora,
626 2779 660 2816 ac
674 2758 858 2834 Tropolugicoe
871 2757 1068 2834 disputationis
1082 2757 1214 2832 bipartita
1227 2757 1412 2818 hisoraeula''
1432 2759 1461 2817 in
1471 2760 1615 2818 lliborniss
1625 2761 1739 2833 scholis,
1756 2763 1893 2838 juventu·

321 2878 383 2925 tenr·
396 2866 488 2940 Anglo
498 2863 669 2922 Saxonicum
683 2864 795 2920 solitrun
813 2862 924 2919 edoceri
940 2864 1118 2933 testatur.(4)
1140 2863 1186 2919 Da
1201 2862 1440 2934 GildaAlhanico,
1451 2864 1501 2939 qui
1515 2864 1650 2924 Scholam
1661 2867 1894 2927 Ardmechanstn

322 2971 435 3030 Sasculo
446 2969 488 3027 Vl
503 2972 627 3046 regebat,
643 2970 700 3041 (5)·
714 2968 877 3027 C'aradocus
892 2967 1141 3026 Llancarvanensis
1152 2967 1245 3043 inquit
1263 2972 1283 2999 “
1298 2967 1447 3025 scholares
1461 2970 1659 3027 audieruntab
1669 2990 1704 3027 eo
1719 2970 1897 3048 viiDieaipls‘·

319 3082 338 3110 “
360 3094 455 3132 nerum
467 3070 807 3134 scientiam.''-Tatloeus
821 3071 1012 3140 Hibernensis,
1027 3081 1142 3146 rogante
1154 3071 1228 3144 Rege
1238 3069 1396 3138 Caradooo,
1418 3090 1493 3128 anno
1506 3067 1576 3140 469,
1594 3080 1626 3128 ut
1638 3072 1709 3130 liber
1718 3072 1805 3131 hehet
1817 3074 1894 3134 Lon·

319 3181 446 3238 derensis
457 3179 531 3254 apud
551 3177 706 3245 Usserium,
720 3180 739 3208 ‘⁴
755 3176 790 3232 vii
806 3174 977 3248 Discipliaas
994 3172 1141 3241 Liberata,
1152 3173 1362 3232 confluentibus
1374 3175 1497 3252 undique
1507 3176 1652 3254 discipulis
1664 3178 1844 3254 explicavit,”
1861 3179 1892 3239 iu

319 3287 452 3342 Ventsno
476 3280 635 3357 Gymnasio
659 3276 927 3343 Mounemuthense,
943 3271 989 3346 (6)
1016 3276 1092 3351 qnod
1113 3285 1143 3333 et
1166 3285 1298 3334 vetustus
1313 3288 1415 3337 auctor
1428 3281 1504 3356 apud
1528 3280 1710 3339 Florentium·
1724 3283 1894 3344 warwicen-

319 3407 390 3454 sem,
412 3386 442 3442 in
461 3386 538 3442 Vite=
551 3383 676 3458 ejusdem
696 3382 815 3451 Tathati‚
830 3382 929 3439 iisdem
944 3381 1206 3439 vednscontitmat.
1247 3378 1489 3452 Cadoess,Abhss
1500 3383 1759 3456 Llanearvanensis,
1781 3386 1891 3445 Tassat

320 3489 484 3564 discipulus,
510 3486 626 3545 Gildam
645 3487 801 3545 Albaniam
824 3504 862 3542 ex
892 3484 1031 3541 llihernia
1052 3484 1212 3542 seuientem
1227 3504 1302 3543 anno
1316 3491 1376 3543 500
1388 3486 1513 3563 excepit,
1532 3498 1563 3543 et
1577 3486 1605 3543 in
1624 3487 1725 3543 eodem
1736 3487 1893 3563 Gymnasio

321 3590 490 3647 Scholerum
505 3590 605 3646 studiis
619 3591 782 3666 praeposuit,
805 3588 852 3646 nbi
867 3589 971 3645 librum
986 3587 1201 3663 Evangeliorum
1225 3607 1276 3645 sun
1292 3607 1378 3645 manu
1393 3587 1565 3665 descriptum
1579 3586 1679 3646 Gildas
1692 3586 1816 3663 reliquit,
1840 3592 1891 3666 qui

321 3700 342 3727 “
364 3693 469 3765 adhuc,
495 3693 586 3770 inquit
609 3695 782 3763 Camdocus,
807 3704 936 3750 remanet
947 3691 977 3749 in
993 3691 1123 3750 hkclesia
1147 3691 1176 3749 S.
1189 3690 1307 3759 Caenei,
1328 3709 1408 3760 auro,
1423 3707 1452 3750 et
1464 3702 1578 3769 argento
1591 3693 1716 3770 undique
1729 3707 1893 3771 coopertus.

336 3992 378 4056 (1)
395 3993 449 4042 Hoc
457 4008 517 4056 opus
527 3998 642 4039 memorat
653 3989 703 4052 ipse
712 3987 860 4051 Augustinus
871 3988 896 4034 in
907 3987 1113 4035 Retractationum
1124 3988 1140 4034 l.
1150 3992 1173 4041 9,
1195 3986 1317 4053 Pontidius
1324 3985 1347 4032 in
1356 3985 1467 4034 indiculo
1477 3987 1552 4050 Opes.
1568 3988 1593 4036 S.
1607 3987 1745 4053 Augustini,
1761 4002 1786 4042 et
1797 3995 1896 4045 Gerbess

335 4074 367 4121 de
389 4074 483 4121 Musica
493 4074 564 4120 Sacra
575 4080 592 4119 t.
607 4077 629 4126 1,
642 4086 665 4133 p.
679 4074 734 4130 198,
748 4072 801 4116 199.
836 4068 925 4114 Confer
936 4067 1066 4114 Cnsdodori
1077 4066 1158 4130 Opera
1170 4066 1228 4115 edit.
1242 4067 1339 4114 Maurin
1350 4066 1494 4132 Rothomagi
1508 4072 1580 4125 1679,
1592 4074 1608 4118 2
1619 4072 1666 4119 vol.
1677 4073 1743 4120 solio.

337 4149 381 4210 (2)
396 4151 467 4197 Jonas
479 4152 503 4196 in
514 4151 571 4198 Vita
581 4150 732 4205 Columbani,
744 4165 766 4197 c.
774 4153 797 4203 Ξ,
810 4146 964 4195 collectanea
975 4148 1046 4196 Sacra
1056 4163 1080 4210 p.
1089 4152 1145 4196 918.

336 4226 378 4286 (5)
394 4229 498 4287 Spei-nen
512 4228 603 4277 Contil.
615 4239 632 4277 l.
647 4236 667 4284 1,
680 4231 747 4278 Lond
771 4231 829 4277 edit.
844 4232 914 4284 1737,
933 4246 956 4291 p.
969 4233 1008 4276 97.
1338 4282 1341 4287 ¹

337 4314 380 4373 (4)
399 4307 460 4353 lide
472 4323 542 4368 snpra
555 4311 902 4371 Aristot.1,png.1‘zt,1ttl,et
915 4309 989 4357 Uarr.
1003 4308 1100 4373 Sylloge
1113 4324 1137 4370 p.
1145 4312 1186 4357 39.
1221 4308 1293 4357 Extat
1305 4309 1328 4356 in
1342 4306 1489 4358 Monasterio
1504 4307 1528 4357 S.
1538 4307 1654 4357 Gallense
1663 4307 1746 4356 Codex
1755 4307 1851 4364 sac-is,
1867 4308 1893 4358 iu

337 4406 394 4454 quo,
406 4385 569 4449 superscriptis
579 4384 640 4431 notis
656 4386 762 4442 Illusicis,
775 4389 840 4434 varia
852 4391 966 4436 tlldhelnn'
978 4389 1090 4443 carmina,
1110 4398 1135 4436 et
1149 4390 1239 4436 Sedalii
1250 4389 1313 4436 Scoti
1325 4388 1427 4436 Carmen
1441 4388 1558 4436 Paschsle
1570 4388 1728 4440 continentur,
1739 4386 1807 4449 cujus
1817 4388 1894 4450 speci·

336 4486 392 4518 men
405 4465 510 4515 exhibuit
522 4463 625 4511 Gerbert
637 4463 660 4509 in
672 4464 733 4511 Ilist.
742 4467 840 4513 lllusicre
850 4477 867 4512 t.
877 4474 897 4521 l,
910 4483 933 4528 p.
942 4473 998 4516 909.
1034 4468 1180 4526 Uestinum
1193 4467 1301 4529 Epistola
1312 4469 1343 4514 ad
1354 4467 1473 4524 Vossium,
1484 4466 1651 4515 Dissertationi
1663 4465 1694 4512 de
1705 4464 1823 4529 Symbolis
1834 4482 1894 4531 pro·

336 4552 413 4603 missa,
426 4549 533 4597 Codicem
542 4544 686 4608 Hymnorurn
698 4544 879 4591 vetustissimum
891 4547 1045 4596 lliheruicum
1055 4548 1144 4603 laudat,
1157 4549 1242 4609 partim
1254 4547 1340 4595 Latino
1352 4550 1438 4610 partim
1448 4549 1578 4597 Hibemice
1589 4561 1698 4594 sermone
1709 4545 1831 4610 seriptum.
1860 4546 1892 4597 In

336 4628 511 4694 Antiphonario
521 4625 688 4678 benchorense,
699 4623 764 4670 edito
775 4640 789 4669 a
800 4623 941 4677 hluratorie,
952 4625 1033 4687 plures
1045 4626 1136 4689 Hymni
1148 4627 1267 4688 leguntur,
1278 4627 1340 4689 iique
1353 4611 1508 4691 antiquissimi
1519 4626 1584 4676 citati
1594 4642 1610 4674 s
1619 4623 1748 4674 Gerberto.

333 4711 375 4773 (5)
391 4709 454 4758 vide
463 4725 533 4771 supra
545 4708 628 4754 Arrrret.
640 4709 662 4758 1,
673 4720 727 4767 pag.
740 4707 796 4756 126,
809 4711 832 4749 et
842 4704 948 4749 Cerudoc
960 4707 1023 4764 apud
1037 4704 1116 4752 Usser.
1131 4705 1245 4759 Primord.
1257 4722 1282 4771 p.
1293 4711 1350 4755 442.

335 4789 381 4852 (6)
397 4789 468 4837 Liber
477 4788 635 4838 Lerrdaeertsis
646 4787 711 4852 apud
721 4785 803 4834 Usser.
816 4782 932 4832 Primord.
944 4798 969 4849 p·
980 4786 1020 4842 91,
1030 4787 1070 4840 92,
1082 4789 1153 4833 1117.
