4446 6000
754 506 1018 573 annates
1058 503 1456 568 neroniansas.
1784 471 1894 579 379

315 691 379 788 ny
396 687 542 785 Falgi-ae,
565 710 649 760 cum
669 684 743 757 suis
775 685 869 772 liliis,
906 699 943 755 ct
961 681 1126 780 pluribus
1142 679 1320 753 similiter.
1351 674 1546 749 Donaldus
1562 673 1658 746 lilius
1677 670 1817 745 Tlradei
1842 672 1896 743 0'

313 814 423 886 Briau
442 810 590 882 futurus
610 834 675 883 rex
706 807 907 880 Mornoniae
940 805 1086 880 occisus
1117 829 1142 877 a
1172 799 1530 875 Conuaclrtensibus.
1587 795 1827 870 Morcertach
1841 797 1892 868 0’

316 937 424 1008 Briau
442 934 609 1006 obtinuit
629 956 786 1028 regnum
814 930 959 1016 iterum,
977 942 1015 1001 et
1030 927 1138 1001 veuit
1154 951 1237 998 curn
1258 924 1427 997 exercitu
1440 921 1640 1018 Lageuiam
1655 935 1695 992 et
1711 918 1891 1016 Brcgiam.

314 1057 484 1130 Ecclesia
503 1055 646 1153 lapidea
664 1050 940 1150 (Catlredralis)
967 1048 1292 1135 Ardbrecaneusis,
1312 1047 1419 1144 plena
1435 1043 1639 1131 bominum,
1661 1043 1856 1117 combusta
1873 1069 1899 1116 a

314 1177 648 1265 Momoniensibus,
669 1190 708 1249 et
745 1175 924 1252 Ecclesia
954 1172 1121 1272 plurimae
1150 1172 1319 1245 similiter
1338 1172 1376 1243 in
1409 1169 1513 1243 terris
1534 1169 1895 1267 Bregiarum.—-Ex·

313 1302 448 1375 ercitus
466 1301 599 1397 ingens
618 1323 707 1371 cum
720 1296 962 1370 Tordclbaco
979 1295 1228 1370 O'Concobar
1246 1309 1386 1368 etcum
1406 1293 1757 1368 Connachtcnsibus
1775 1294 1896 1367 donec

314 1439 556 1499 vastaverunt
569 1426 724 1523 populos
736 1423 939 1497 Momoniae
952 1446 1070 1519 usque
1081 1422 1315 1510 Limericum‚
1329 1435 1367 1494 et
1381 1421 1615 1495 abstulerunt
1629 1420 1741 1493 boum
1758 1420 1905 1518 praedas

313 1547 494 1644 ingentes,
515 1562 553 1621 et
579 1547 745 1645 captivos
775 1546 961 1645 plurimos.
1017 1545 1274 1620 Maelseclrlan
1297 1542 1602 1618 O’Maelsecltlan
1633 1541 1783 1618 futurus
1814 1545 1902 1619 Rex

315 1673 498 1745 Temoriae
516 1672 664 1746 occisus
681 1670 764 1762 est]
777 1669 837 1767 (l)

316 1797 383 1873 flu.
420 1799 580 1889 Φῑῐῦί.
646 1796 706 1868 Kl.
725 1795 809 1868 Jan.
824 1791 890 1866 fer.
904 1794 965 1865 vii.
987 1793 1084 1866 Lon.
1102 1793 1178 1866 xiii.
1251 1791 1481 1866 Oeall.Com.
1503 1789 1641 1887 Pons
1665 1792 1900 1866 cuoirtCon·

318 1920 430 1989 rroelrt
447 1918 514 1988 don
533 1920 707 1989 darocur
724 1929 839 1988 cotue
856 1940 879 1986 a
898 1920 957 1988 lan
975 1917 1135 1988 cluacirt.
1191 1913 1408 1987 Ceolldaluo
1444 1939 1506 1985 eon
1542 1939 1565 1985 a
1601 1917 1746 2010 tempoll
1760 1915 1801 1985 do
1818 1916 1905 1985 lose..

319 2040 482 2114 Coreoclr
501 2066 578 2112 rnor
597 2039 783 2113 Mumban
811 2050 834 2118 7
864 2039 1001 2112 Imleclr
1031 2015 1146 2127 idcir,
1185 2036 1369 2110 Dairtecd
1405 2035 1570 2108 Maelisu
1600 2038 1639 2108 ui
1658 2036 1902 2125 Bran-haar

318 2165 419 2238 blodlr
437 2167 478 2237 do
506 2163 684 2251 Lismlron
716 2161 951 2236 Aclradlrmbo
981 2161 1149 2255 Carionig,
1174 2159 1310 2232 Cluuia
1330 2161 1469 2247 Irar'rd,
1491 2174 1655 2233 cremate
1678 2187 1704 2232 s.
1759 2161 1851 2232 Teclr
1879 2183 1910 2231 n*

317 2289 472 2363 adlbndlz
491 2310 567 2359 mor
585 2285 842 2357 Araldomaclra
856 2307 896 2355 co
914 2310 970 2354 xx
986 2283 1019 2354 it
1043 2283 1167 2376 leigii
1185 2283 1253 2353 iane
1280 2285 1321 2353 do
1342 2281 1484 2352 loscadlt
1510 2282 1523 2352 i
1549 2282 1674 2354 tosacb
1692 2284 1839 2377 corgar's
1855 2308 1907 2355 ua

321 2412 417 2484 lilino
432 2435 483 2481 su.
517 2408 660 2504 Magna
677 2405 887 2504 pestilentia
904 2402 1013 2477 famis
1027 2403 1153 2478 adhuc
1172 2404 1275 2476 ardet
1299 2405 1417 2477 illaitlr
1447 2403 1594 2501 Moglra
1611 2407 1704 2479 ettir
1721 2406 1905 2502 Loiglrni·

323 2536 392 2608 clm
420 2546 441 2612 7
471 2531 708 2618 Mamaeam,
743 2553 823 2603 coro
836 2524 1026 2627 slnsoiglr
1050 2530 1217 2615 ceolla?
1245 2529 1360 2616 duirre,
1396 2541 1556 2617 renata,
1594 2539 1617 2609 7
1649 2553 1733 2604 coro
1758 2532 1913 2628 erraiglr·

309 2655 366 2753 so
394 2655 467 2743 Er,
520 2667 542 2734 7
573 2655 643 2725 dar
673 2653 779 2739 aruir,
817 2660 841 2732 7
874 2653 997 2724 oorola
1025 2675 1071 2723 ar
1107 2652 1194 2723 iuna
1222 2665 1313 2723 mete
1342 2654 1565 2728 macltlrota.
1634 2653 1825 2727 Ladmunn
1857 2679 1910 2728 ma

323 2779 461 2852 Domlr
464 2831 631 2859 ...........
638 2777 724 2873 riglt
743 2775 869 2848 Alban
887 2773 1059 2848 domorblt
1076 2775 1118 2846 do
1128 2769 1285 2871 serdille
1305 2779 1451 2850 mornib.
1490 2779 1650 2853 Derboil
1667 2780 1714 2853 in.
1744 2781 1860 2854 Toirr.
1881 2781 1911 2853 le

324 2901 462 2978 Brioin
481 2924 579 2973 me.
639 2899 787 2994 [Celsus
805 2897 1142 2972 VicariusPatricii
1160 2898 1289 2973 visitat
1310 2900 1540 2976 Connaciam
1559 2903 1723 2976 secunda
1741 2904 1832 2993 vice,
1868 2915 1908 2976 et

323 3024 443 3100 aufert
459 3049 570 3097 suum
583 3022 788 3119 plenarium
807 3022 1001 3094 tributum.
1057 3020 1248 3094 Killdalua
1266 3047 1352 3096 cum
1371 3049 1436 3097 sua
1460 3025 1629 3099 Ecclesia
1647 3025 1909 3099 combusta.—

326 3148 511 3243 Corcagia
526 3172 664 3243 magna
682 3145 894 3231 Momoniae,
916 3160 953 3217 et
973 3145 1177 3217 Imleoense
1196 3145 1465 3219 Manasterium
1485 3147 1593 3236 lbari,
1613 3146 1906 3222 Xenodochium

326 3269 483 3342 lllalissii
501 3267 747 3356 ofssrotehan,
769 3282 806 3339 et
822 3267 941 3364 portio
956 3266 1158 3354 Lismoriaa
1173 3267 1330 3340 Aclrabo
1348 3268 1520 3360 Cannici,
1544 3270 1771 3344 Cloouardia
1792 3269 1911 3367 (&c.)··

326 3406 510 3466 crematae.
565 3391 709 3462 Domus
728 3390 898 3462 Abbatiae
915 3415 1061 3487 maguae
1079 3389 1359 3476 Ardmaelranae,
1379 3417 1467 3464 cum
1486 3419 1541 3464 xx
1557 3392 1733 3464 domibus
1748 3394 1908 3466 circum·

326 3515 460 3591 uicinis
492 3515 644 3587 incensa
669 3513 706 3584 iu
733 3513 915 3610 principio
931 3513 1236 3609 Quadragesirnae
1259 3514 1347 3586 anui
1366 3513 1685 3612 hujus—Magna
1701 3514 1910 3612 pestilentia

325 3636 746 3710 famisadhuoardetin
775 3636 1114 3730 dimidioMoghoe,
1151 3637 1335 3730 (Australi
1358 3636 1546 3708 Hiberniae
1573 3636 1761 3726 dimidio‚)
1811 3639 1916 3711 inter·

329 3756 577 3852 Lagenienses
594 3771 632 3829 et
651 3758 938 3844 lllomonieoses,
960 3758 1012 3828 ita
1032 3771 1075 3829 ut
1091 3771 1251 3828 vastaret
1272 3757 1467 3842 Ecclesiae,
1487 3769 1524 3827 et
1541 3757 1665 3841 Areos,
1681 3771 1720 3827 et
1738 3760 1912 3854 populos¹

329 3893 367 3951 et
384 3878 555 3950 dilataret
592 3901 629 3950 sc
658 3903 722 3974 per
746 3878 974 3968 Hiberniam,
1008 3892 1046 3951 et
1075 3891 1177 3950 trans
1202 3901 1309 3965 mare,
1341 3889 1379 3948 et
1402 3888 1562 3973 stragem
1590 3874 1731 3951 faceret
1759 3879 1906 3977 ingenti

326 4221 369 4292 (1)
389 4226 408 4254 ‘⁴
426 4221 490 4277 Hoc
503 4239 578 4278 auno
593 4221 665 4278 adeo
686 4221 795 4295 rigebat
821 4221 922 4299 hyems
945 4223 1055 4281 nivibus
1073 4235 1103 4281 et
1120 4223 1237 4300 pruinis,
1254 4231 1286 4280 ut
1301 4221 1393 4279 nullus
1408 4221 1456 4298 qui
1471 4231 1539 4280 tunc
1553 4222 1634 4295 yixit,
1646 4223 1767 4283 durioris
1781 4245 1916 4304 uuquam

329 4316 655 4394 “hyemismerninerit
700 4318 777 4373 llinc
801 4329 898 4376 autem
926 4317 1003 4375 facta
1023 4331 1069 4378 est
1082 4339 1185 4395 magna
1210 4337 1349 4395 pecorum
1375 4316 1465 4376 lues.'’
1506 4314 1916 4394 etron.sax0u.ann.1115„

328 4415 349 4445 “
366 4433 394 4489 p.
406 4419 475 4481 219.
518 4414 539 4470 F
540 4414 644 4471 loront.
657 4432 685 4489 p.
701 4410 855 4471 osu-lv
869 4412 1010 4490 Magistri
1023 4415 1061 4471 ad
1075 4433 1142 4472 ann.
1154 4415 1231 4472 hunc
1245 4413 1440 4490 inquiunt—‘⁶
1455 4413 1501 4471 Ro
1512 4413 1637 4473 iodltboir
1661 4416 1775 4487 (Toirr.
1788 4438 1824 4475 uo
1836 4415 1914 4476 Corr-v

330 4510 350 4540 “
366 4509 443 4579 cob.)
458 4510 499 4566 tri
511 4511 592 4566 seoda
606 4510 640 4565 do
654 4509 760 4566 naoimh
771 4508 876 4566 Cicron
890 4513 920 4566 ‘i‘
942 4530 1007 4568 corn
1019 4531 1057 4588 go
1070 4530 1131 4581 nor,
1155 4515 1173 4573 7
1192 4509 1295 4568 bleidle
1320 4529 1358 4587 go
1380 4531 1441 4580 nor,
1456 4517 1474 4575 7
1489 4512 1604 4570 mullocc
1617 4513 1696 4571 semla
1706 4534 1745 4589 go
1757 4531 1818 4572 nor.
1860 4515 1915 4573 Ro·

328 4607 352 4635 ‘⁴
368 4622 438 4659 rann
452 4604 551 4662 Midke
563 4605 683 4686 iorttaiu
699 4605 777 4662 eittir
801 4605 837 4662 do
853 4626 889 4663 m.
903 4605 1011 4663 Domln
1024 4608 1054 4664 ui
1080 4605 1305 4664 Mooileoclloin.
1346 4606 1473 4682 [Obtulit
1495 4607 1692 4666 Tordelbacus
1719 4609 1918 4671 O’Concobar:

329 4698 551 4774 “triapretiosa
580 4701 609 4756 S.
619 4701 752 4770 cmi-ano,
767 4702 796 4757 ‘i'
812 4721 902 4760 cornu
923 4722 994 4760 auro
1019 4703 1156 4771 celatum,
1183 4702 1318 4778 poculum
1341 4722 1412 4760 auro
1441 4703 1578 4772 celatum,
1604 4715 1634 4761 et
1655 4704 1751 4763 calicis
1772 4718 1916 4783 patenam

328 4802 348 4831 ⁴⁸
365 4814 500 4870 cupream
514 4813 584 4850 auro
596 4795 731 4854 celatam.
755 4797 862 4858 Divisit
877 4797 998 4856 lllidiam
1014 4812 1114 4874 postea
1128 4799 1203 4856 inter
1215 4801 1286 4856 duos
1301 4798 1373 4855 filios
1388 4798 1513 4855 Doualdi
1528 4797 1768 4877 O'Melachlin.'’]
1802 4803 1850 4863 De
1864 4803 1918 4867 hn.

329 4891 411 4952 donis
424 4890 521 4951 cordes
534 4890 645 4949 Vocab.
660 4891 782 4951 Hibera.
793 4893 876 4952 Voce
889 4893 1254 4974 .l1uua,cumTigemachi
1267 4895 1382 4955 Contio.
1393 4912 1458 4951 ann.
1476 4899 1563 4953 1115.
