4446 6000
327 499 427 612 196
755 529 1016 598 eunucus
1056 530 1462 599 unronrnusns.

318 714 357 809 [a
374 710 533 786 Consllo
544 710 620 784 filio
635 707 720 784 Aidi
735 709 775 783 in
788 708 985 803 Cantiria]
998 706 1054 806 (l)
1066 707 1308 784 Constructio
1325 733 1422 784 nove
1439 709 1604 786 civitatis
1620 711 1792 793 ouante
1802 716 1903 801 Cute

320 835 530 910 hiceninnas
554 834 607 930 [in
626 832 758 927 Kells.]
790 832 948 909 Elariut
973 830 1164 921 Ancorits,
1184 843 1208 911 7
1232 831 1358 906 Scriba
1382 833 1505 907 Locha
1523 831 1640 910 Creea
1665 841 1898 935 [monasterii

320 957 424 1033 lacus
441 955 568 1049 Creea]
596 954 783 1030 dormivit.
838 953 946 1028 Luna
971 954 1011 1027 in
1044 954 1265 1053 sanguinem
1297 977 1402 1028 versa
1430 969 1497 1032 est.
1518 956 1581 1053 (2)
1618 960 1786 1037 Murena
1816 990 1897 1039 mac

319 1080 457 1156 Flar'nn
476 1081 513 1153 ri
531 1081 569 1154 ln'
586 1079 774 1179 Fidgente.
801 1078 901 1175 [Rex
919 1075 1237 1175 Fidgenteorum.]
1253 1076 1424 1152 Gentiles
1442 1079 1896 1167 combusserunt-insolam

320 1202 554 1292 Muredaiclt,
576 1215 600 1283 7
619 1202 806 1277 invadunt
820 1198 1085 1274 Roscammain.
1132 1197 1207 1272 Bel
1226 1197 1323 1272 inter
1336 1197 1514 1276 familiam
1532 1200 1717 1297 Coronide,
1746 1221 1770 1289 7
1788 1209 1899 1286 fami.

312 1323 401 1399 liam
419 1323 566 1400 Cluana
578 1321 693 1422 serta
709 1321 911 1410 Brendat'n,
931 1320 1030 1395 inter
1044 1343 1135 1417 quas
1158 1319 1284 1395 scedes
1298 1320 1446 1416 [oaedes]
1463 1323 1751 1405 innumerabiles
1773 1328 1894 1407 homi·

315 1470 408 1520 num
420 1444 779 1536 Ecclesiasticorum‚
799 1456 823 1527 7
840 1442 1055 1518 sublimium
1072 1442 1119 1516 de
1134 1439 1274 1516 familia
1293 1440 1492 1543 Corcaigbi
1507 1447 1735 1527 ceciderunt.

316 1573 387 1651 flu·
402 1567 499 1650 bac
512 1571 575 1648 bit
631 1568 768 1644 Obitus
794 1565 972 1644 Caluaiclr
996 1563 1116 1640 scribe
1129 1564 1200 1638 Ab.
1218 1568 1458 1642 Ardmacltae.
1512 1571 1666 1645 Ttonas
1689 1572 1897 1674 Episcopus

318 1693 448 1771 scriba
462 1694 497 1769 Α
502 1694 534 1766 b.
550 1692 670 1766 Linne
684 1689 875 1764 Duacltail
902 1687 1055 1786 quievit.
1103 1686 1263 1787 Faelgns
1285 1691 1457 1790 princeps
1475 1690 1571 1769 Cute
1588 1695 1682 1769 Acln
1703 1695 1893 1775 dormivit.

316 1813 433 1916 Sngn
449 1816 648 1914 Margissa
681 1837 735 1888 mc
752 1813 973 1889 Tamoltaielr
1006 1835 1045 1886 ca
1064 1810 1299 1904 Conacbtaib,
1321 1817 1359 1889 la
1378 1815 1582 1893 Concobnir
1597 1842 1652 1895 mc
1668 1845 1694 1896 n
1711 1819 1895 1897 Donnclra

318 1961 360 2014 ca
375 1939 453 2037 rigi
467 1938 545 2012 tlu‘r
561 1938 599 2011 in
615 1935 795 2032 Oenaiglr.
812 1933 1026 2030 [Exercitus
1050 1932 1228 2032 Murgisii
1253 1935 1320 2010 filii
1333 1938 1569 2017 Tomaltachi
1586 1942 1627 2017 in
1646 1941 1889 2034 Connsciam,

320 2087 409 2139 cum
428 2061 560 2137 Conco
570 2060 659 2135 baro
677 2058 754 2134 filio
775 2056 986 2147 Doncbadi‚
1014 2080 1131 2155 usque
1158 2058 1205 2132 ad
1223 2083 1381 2161 regnum
1398 2064 1562 2159 Tiroen,]
1586 2063 1808 2166 7fugerunt
1835 2091 1890 2141 re·

318 2197 431 2286 pente
443 2198 528 2286 post
546 2197 619 2259 tres
633 2196 776 2273 noctes,
796 2192 820 2263 7
836 2181 1012 2281 migravit
1030 2180 1113 2254 Aea
1127 2205 1206 2256 mac
1222 2181 1334 2258 Neill
1356 2184 1562 2261 inobviam
1576 2211 1713 2280 eorum,
1746 2200 1770 2269 7
1790 2212 1892 2263 com·

317 2306 437 2385 bussit
454 2308 631 2383 terminos
662 2305 773 2396 Miri,
809 2327 1010 2402 eorumque
1026 2301 1117 2404 fuga
1134 2305 1262 2405 capris,
1279 2317 1303 2389 7
1320 2305 1460 2385 hinulis
1476 2308 1636 2385 similata
1652 2322 1719 2385 est.
1769 2311 1793 2384 J
1797 2336 1892 2409 ugu-

317 2431 408 2508 latio
421 2430 580 2508 Cinaede
597 2430 666 2506 lilii
682 2427 915 2517 Concablrat'r,
936 2428 976 2502 in
991 2452 1122 2527 campo
1141 2426 1247 2520 Calo,
1266 2455 1286 2503 a
1304 2431 1539 2509 Cruitltnibln
1564 2435 1603 2529 [a
1616 2430 1759 2528 Pictis]
1786 2432 1894 2511 ΡΜ.

318 2557 449 2632 necltta
477 2580 557 2631 mac
573 2555 664 2646 Cell,
682 2577 748 2628 rex
770 2549 919 2649 Laigin‚
938 2550 976 2624 lu'
992 2551 1058 2626 till
1073 2553 1172 2642 dara,
1192 2552 1305 2652 dolon
1327 2555 1425 2651 [Rex
1445 2555 1627 2656 Lageniae,
1651 2556 1692 2629 in
1713 2555 1890 2650 Kildaris,

316 2679 365 2756 de
381 2680 499 2775 ficn?]
514 2691 681 2754 mortuus
697 2688 765 2754 est.

314 2800 386 2883 flu·
412 2797 508 2880 bae
520 2802 600 2881 sut
653 2798 1085 2900 DormitatioTaicltliglt
1098 2799 1172 2876 Ab.
1189 2800 1430 2880 Araneolae.
1475 2803 1565 2880 Bell.
1586 2802 1684 2878 inter
1698 2805 1890 2880 aceinnsel.

315 2924 397 3025 [Hy
418 2924 629 3022 Cinselach]
663 2925 835 3015 invicem,
869 2923 935 2998 ubi
968 2922 1108 2999 cecidit
1133 2920 1316 3015 Ceallach,
1352 2926 1487 3017 torach,
1520 2951 1599 3002 mac
1625 2927 1822 3028 Dangaile,
1854 2929 1892 3002 ri

315 3048 446 3125 Ratha
463 3049 591 3127 Etain.
638 3049 846 3148 [celestius
867 3047 971 3138 Dux,
991 3047 1088 3122 filius
1107 3045 1301 3145 Dungalli,
1323 3047 1406 3124 Rex
1423 3048 1689 3145 mersurus]
1737 3051 1891 3127 Occisio

313 3170 471 3248 Duneon
488 3175 671 3272 Principis
695 3173 828 3249 Telcna
856 3171 974 3259 Leia,
1000 3169 1038 3242 ln'
1057 3167 1139 3269 fail
1167 3166 1297 3244 Scrine
1332 3172 1507 3270 padrat'cc
1534 3174 1629 3271 triga
1659 3175 1731 3250 At.
1758 3175 1890 3250 Telcha

315 3290 409 3367 Lite.
436 3292 802 3388 [OccisioDunconii
813 3290 1159 3390 PrincipisTelchae,
1178 3292 1340 3392 regionis
1356 3291 1467 3383 Ieiss,
1489 3293 1529 3368 in
1543 3296 1890 3394 conspectuScrinii
2023 3347 2026 3352 -

315 3413 550 3510 reliquiarum
568 3417 602 3488 S.
621 3415 784 3504 Patricii,
820 3417 859 3488 in
894 3415 1008 3488 domo
1037 3414 1195 3489 Abbatis
1211 3413 1362 3493 Telchae
1377 3413 1538 3509 laisein]
1575 3416 1722 3490 Baeton
1740 3415 1887 3490 Cluana

314 3531 508 3624 Taaa’scirt,
528 3547 552 3615 7
577 3533 660 3611 Can
681 3538 866 3624 Quiaraen
882 3535 1042 3613 Scenabb
1070 3535 1276 3633 [AEditnus]
1305 3535 1454 3613 Cluana
1470 3534 1709 3613 dormierunt.
1778 3536 1885 3636 Ignis

315 3657 458 3734 celestis
481 3663 661 3759 percussit
689 3663 810 3738 virum
834 3660 874 3738 iu
891 3656 1065 3735 Oratorio
1092 3659 1236 3737 Nadan.
1297 3660 1424 3737 Finbil
1446 3657 1615 3735 Abstissa
1637 3657 1885 3758 Clanbranaig

310 3780 475 3857 moritur.
495 3786 676 3863 Indrerlrt
693 3790 790 3863 alla
804 3786 830 3862 lt
844 3787 928 3862 Aea
935 3808 990 3860 mc
1010 3783 1128 3876 Neill,
1149 3784 1328 3882 disarnglt
1342 3785 1461 3859 senine
1470 3780 1697 3884 patraicfor
1713 3784 1888 3860 Dancoin

317 3903 552 3999 [Devastatio
568 3909 733 3984 Ultoniae
757 3908 804 3982 ab
820 3908 919 3982 Aido
937 3907 1014 3982 filio
1033 3907 1136 3984 Neill
1153 3908 1194 3981 in
1210 3907 1416 3983 vindictam
1435 3906 1566 3981 violati
1577 3906 1711 3982 Scrinii
1722 3907 1885 3997 Patricii,

311 4039 442 4102 contra
456 4028 729 4126 Dunconium.]
759 4028 1101 4137 Maeffotltartaiglt
1120 4055 1198 4108 mac
1221 4032 1359 4107 Flainn
1374 4030 1446 4105 Ab.
1464 4029 1704 4107 Finnabrach
1719 4031 1832 4119 Abeo,
1862 4041 1887 4113 7
1902 4090 1905 4095 .

314 4143 413 4221 Cirta
428 4150 567 4242 Maiae,
597 4154 701 4229 obiit.
756 4154 836 4230 Bel.
854 4156 891 4230 la
909 4156 1018 4233 bulla
1039 4167 1064 4239 7
1076 4157 1112 4230 ir
1130 4159 1176 4232 da
1196 4179 1274 4232 mac
1288 4154 1481 4231 Fiaeltnae.
1527 4153 1714 4249 [Praelium
1736 4167 1884 4251 gestum

308 4489 352 4562 (1)
372 4490 448 4569 Ergo
458 4491 555 4550 extitit
568 4490 663 4549 adhuc
679 4508 795 4566 regnum
806 4495 999 4556 Hibernorum
1017 4490 1195 4558 in'Csntiris.
1226 4498 1302 4557 Vide
1317 4507 1376 4557 not.
1391 4499 1427 4556 ad
1441 4515 1509 4556 ann.
1520 4501 1539 4562 7
1541 4502 1593 4567 ³5,
1615 4511 1701 4573 snpra
1711 4510 1775 4570 pag.
1791 4497 1840 4562 85,
1853 4502 1883 4551 et

312 4585 349 4642 od
358 4604 426 4647 son.
438 4591 509 4657 740,
525 4606 587 4666 pag.
596 4592 645 4657 89.
656 4587 780 4664 itemque
794 4590 831 4647 ed
844 4607 911 4648 oon.
921 4595 992 4662 777,
1006 4613 1035 4669 p.
1047 4600 1115 4653 108.

312 4679 359 4750 (2)
377 4683 478 4741 Annus
491 4683 538 4741 hic
561 4696 677 4744 estaerae
691 4682 849 4742 communis
860 4688 929 4754 807,
942 4703 1000 4760 quo
1015 4687 1134 4763 Eclipsis
1146 4686 1241 4746 totalis
1255 4686 1344 4744 Lunae
1358 4686 1458 4744 incidit
1471 4687 1500 4744 in
1514 4685 1590 4744 diem
1600 4679 1641 4745 26
1652 4683 1738 4744 Febr.
1779 4683 1838 4740 Art
1851 4683 1885 4740 cle

309 4769 374 4830 Ver.
387 4774 426 4832 les
436 4777 538 4848 Dates,
552 4789 572 4837 t.
583 4787 610 4851 1,
618 4800 646 4857 p.
656 4775 705 4843 67.
728 4779 840 4838 Mirum
853 4797 939 4857 quern
954 4779 1130 4853 inconcusse,
1145 4782 1248 4841 horum
1260 4781 1416 4841 Annalium
1430 4781 1597 4851 auctoritas,
1618 4778 1757 4840 accurati
1771 4779 1884 4856 Eclips·

307 4884 392 4926 nrum
401 4876 615 4936 enumeratione
626 4876 812 4936 confirmatur
823 4875 832 4934 l
