4446 6000
570 574 1009 640 xunorxrrorrns
1052 575 1125 636 no
1166 575 1438 641 sarcum.
1744 550 1841 654 129

271 761 291 790 “
310 756 500 832 indignatione
512 754 541 810 in
555 754 718 812 Hiberniam
732 756 858 824 secessit,
874 773 928 813 nee
941 755 1114 832 impossibile
1124 765 1176 827 est,
1193 759 1314 817 tutelam
1327 760 1352 816 ei
1361 761 1398 816 ab
1408 759 1542 817 Hibernis
1556 776 1730 832 concessam,
1744 779 1842 819 ansam

264 863 284 892 “
305 859 456 933 aliqualem
470 856 533 914 belli
546 857 691 914 Hibernici
705 858 820 932 Egirido
834 858 1066 934 praebuissc.”(l)
1094 860 1174 917 Idem
1197 861 1299 918 iterum
1320 862 1420 938 repetit
1439 861 1622 938 “Aidfririum
1633 863 1843 921 HiberniDoc·

264 967 283 994 “
305 971 378 1019 tores
390 962 617 1034 erudiebant.”(2)
644 963 746 1037 Neque
757 962 970 1020 confundendus
982 974 1025 1020 est
1038 964 1095 1031 hic,
1110 965 1155 1021 cui
1169 965 1366 1035 Adamnanus,
1381 967 1500 1042 Legatus
1514 986 1550 1024 ex
1566 967 1707 1023 Hibernia
1721 968 1843 1037 veniens,

261 1083 280 1123 a
294 1067 369 1142 Rege
380 1066 572 1123 Hibernorum
592 1065 701 1133 missus,
725 1066 829 1122 librum
844 1067 879 1122 de
894 1066 964 1124 locis
978 1067 1090 1124 Sanctis
1101 1068 1380 1145 llierosolymitanis,
1410 1073 1588 1145 approbante
1602 1070 1708 1138 Patria,
1722 1081 1751 1127 et
1766 1071 1843 1147 Rege

262 1180 406 1227 annuente
419 1169 555 1245 porrexit,
569 1170 614 1240 (3)
639 1186 706 1224 curn
721 1167 870 1225 Alchirido
882 1168 940 1224 filio
954 1168 1050 1227 Oswii.
1088 1170 1131 1226 De
1146 1171 1240 1246 priore
1253 1171 1310 1246 agit
1320 1171 1484 1230 Chronicon
1498 1173 1672 1229 Saxonicum
1686 1173 1721 1229 ad
1736 1192 1844 1231 aunum

263 1268 333 1340 685,
347 1291 404 1347 quo
422 1274 458 1328 ad
482 1289 600 1346 regnum
613 1270 751 1345 pervenit,
763 1280 791 1325 et
805 1270 841 1325 sd
860 1289 926 1326 ann.
939 1275 1009 1335 705,
1023 1290 1080 1346 quo
1093 1273 1174 1331 obiit.
1216 1274 1262 1329 De
1285 1276 1448 1348 posteriore,
1473 1277 1563 1346 Beda,
1587 1276 1607 1333 l.
1621 1283 1651 1345 3,
1673 1295 1698 1333 c.
1714 1284 1760 1343 14,
1774 1295 1842 1334 auu.

262 1369 332 1443 647,
348 1386 378 1432 et
395 1393 421 1432 c.
434 1380 483 1442 25,
498 1392 564 1431 ann.
577 1369 920 1430 662.--O’Neillorum
941 1375 1086 1450 Prosopia,
1112 1377 1252 1452 descripta
1276 1377 1305 1433 in
1328 1377 1503 1452 o'Duvegani
1529 1378 1637 1435 Codice
1656 1377 1843 1436 Dubliniense

263 1495 338 1533 anno
365 1483 451 1544 1315,
472 1477 567 1545 tradit,
591 1483 710 1532 testante
731 1475 871 1532 Gratiano
882 1474 978 1546 Lucio,
994 1476 1041 1549 (4)
1064 1478 1187 1534 Aldsridi
1200 1491 1322 1536 matrem
1336 1478 1458 1549 Fionont,
1480 1480 1629 1537 Colmanni
1645 1481 1744 1537 Midiae
1759 1481 1845 1556 Regis

264 1579 353 1638 filiam
375 1581 470 1649 fuisse,
492 1593 521 1637 et
532 1580 693 1637 Aldiridum
708 1579 781 1636 inter
803 1581 946 1636 Hibernos
967 1579 1068 1637 finani
1080 1580 1177 1638 Pioniai
1191 1601 1302 1649 nomen,
1326 1602 1345 1638 a
1358 1602 1404 1639 ma
1418 1585 1456 1639 ris
1470 1585 1581 1641 nomine
1599 1585 1764 1652 deductum,
1778 1584 1845 1641 indo

265 1685 403 1753 retulisse,
430 1704 464 1742 ac
487 1685 608 1742 eundem
619 1683 781 1740 Aldsridum
803 1694 952 1741 auctorem
974 1702 1034 1741 esse
1059 1686 1199 1743 Carminis
1222 1686 1382 1754 Hiberuici,
1411 1688 1446 1744 de
1473 1687 1603 1745 laudibus
1625 1706 1660 1746 ac
1688 1689 1843 1746 defectibus

267 1787 468 1857 Hibernorum,
483 1790 566 1864 cujus
580 1789 692 1846 initium
707 1799 749 1844 est
764 1792 782 1820 “
797 1787 937 1845 Roidieat
951 1787 980 1843 in
990 1787 1070 1844 Ionis
1081 1787 1152 1845 Fine
1162 1788 1252 1846 Patr?
1293 1791 1383 1846 Extat
1392 1792 1423 1846 in
1434 1791 1579 1850 Stowense
1593 1793 1740 1868 exemplar
1751 1794 1845 1869 operis

265 1887 396 1945 Gratiani
408 1890 499 1959 Lucii,
513 1893 543 1947 in
555 1892 637 1965 cujus
650 1890 775 1964 margine
786 1901 855 1946 nota
868 1891 934 1947 haec.
944 1890 1010 1947 MS.
1023 1893 1061 1948 ab
1074 1893 1137 1948 Avo
1148 1893 1290 1967 quondam
1306 1911 1371 1949 meo
1386 1892 1515 1968 apposita
1528 1893 1641 1968 legitur,
1669 1899 1688 1925 ‘⁴
1703 1893 1764 1967 Fgo
1782 1895 1842 1970 ipse

263 1997 283 2024 “
305 1993 407 2068 perlegi
422 1995 482 2050 haec
498 1995 547 2071 [de
559 1992 713 2067 Aldirido,]
727 1994 756 2049 in
768 1994 874 2050 Codice
888 1996 1107 2052 membranaceo
1120 1996 1343 2071 antiquissimo.''
1365 1998 1469 2052 Postea
1480 1996 1623 2070 subjungit
1638 1996 1842 2071 Anglice.·-“I

265 2103 283 2129 “
306 2091 375 2156 have
389 2098 443 2155 this
456 2117 539 2175 poem
554 2101 583 2156 in
596 2117 614 2155 a
626 2117 695 2175 very
709 2100 827 2155 obscure
849 2097 1029 2156 character.''
1067 2099 1171 2174 [Extat
1191 2118 1287 2175 penes,
1302 2119 1346 2156 me
1364 2100 1418 2156 hoc
1444 2102 1549 2158 Poema
1563 2101 1773 2158 characteribus
1788 2102 1844 2178 legi

264 2205 284 2232 “
306 2199 517 2274 difficillimis.”]
544 2202 657 2259 Deinde
671 2211 794 2277 quatuor
806 2201 898 2276 prima
914 2203 1055 2259 Poematis
1069 2203 1193 2260 disticha
1214 2203 1340 2272 exhibet,
1362 2204 1477 2279 propria
1494 2223 1581 2261 manu
1594 2215 1712 2262 exarata
1725 2205 1843 2264 ibidem.

266 2304 326 2379 Ego
337 2305 451 2362 minime
465 2323 558 2362 assero
568 2303 722 2378 genuinum
733 2322 792 2359 esse
806 2302 928 2360 Aldfridi
940 2303 1033 2372 ioetus,
1043 2303 1114 2359 illud
1128 2313 1241 2360 tantum
1254 2306 1400 2361 ostendere
1414 2306 1509 2361 animo
1521 2326 1690 2382 proponens,
1705 2320 1845 2382 quantum
1860 2327 1868 2336 ··

264 2430 283 2467 a
296 2411 413 2466 veritate
428 2407 574 2465 Historica
587 2405 805 2481 Edinlmrgenses
815 2405 1039 2475 ahberraverint,
1050 2423 1116 2462 cum
1131 2425 1187 2463 non
1201 2407 1294 2464 solum
1306 2407 1403 2472 Bedae,
1417 2419 1446 2465 et
1460 2407 1721 2476 Malmesburiensi,
1736 2409 1843 2467 etdoc·

266 2509 582 2569 tissimoverolohanni
597 2505 690 2566 Smith
713 2507 798 2564 Bedae
812 2507 923 2578 editori,
947 2528 1008 2566 sese
1034 2520 1141 2567 temere
1162 2510 1353 2587 opposuerint,
1376 2511 1582 2569 verumetiam
1601 2511 1726 2587 antiquae
1739 2511 1844 2570 Hiber·

264 2635 365 2674 uorum
380 2616 415 2672 de
430 2612 561 2671 Aldfrido
575 2611 719 2669 traditioni
739 2611 862 2688 scriptae,
876 2622 977 2669 extare
990 2613 1065 2670 enirn
1080 2613 1108 2670 in
1134 2613 1273 2671 Hibernia
1296 2625 1436 2672 vetustam
1460 2614 1497 2673 de
1519 2612 1650 2671 Aldfrido
1665 2613 1842 2685 memoriam,

264 2739 327 2798 quae
341 2738 408 2778 cum
423 2716 592 2775 authenticis
607 2715 754 2771 Saxonum
769 2715 945 2782 testimoniis,
960 2715 1036 2772 omni
1052 2716 1224 2792 exceptione
1236 2717 1400 2789 majoribus,
1415 2719 1487 2775 mire
1506 2717 1842 2776 concordat-Demon-

264 2824 350 2880 stravi
368 2822 431 2896 jans
455 2818 588 2875 Scholam
604 2816 825 2884 Bencborensem,
839 2815 1015 2886 Derrensem,
1027 2817 1274 2888 Dearmocbanum,
1287 2818 1522 2891 Cioonurdensem,
1538 2833 1567 2880 et
1576 2821 1645 2878 alias
1661 2822 1840 2892 Hibernicss,

264 2923 437 3000 antiquiores
450 2940 511 2978 esse
527 2939 613 2997 quam
631 2918 744 2995 Hyetto,
766 2937 828 2996 quae
842 2920 879 2975 ab
890 2918 956 2994 ipsis
970 2919 1044 2993 petit
1055 2920 1201 2994 originem,
1217 2932 1246 2978 et
1257 2933 1353 2980 tamen
1364 2923 1433 2992 istis,
1448 2924 1518 2982 licet
1531 2925 1642 2999 Hyonae
1657 2925 1844 2995 Matricibus,

263 3028 454 3104 antiquiorem
475 3043 534 3084 esse
547 3023 791 3082 Ardmachanam.
831 3022 951 3080 Constat
964 3041 1022 3079 non
1036 3042 1134 3093 unum,
1148 3036 1199 3082 aut
1213 3024 1348 3095 alterum,
1360 3037 1411 3083 aut
1436 3028 1585 3101 pauciores
1599 3027 1709 3102 aliquot
1721 3029 1841 3104 Anglos,

265 3134 313 3191 sed
327 3131 432 3190 multos
450 3127 591 3185 Nobilium
610 3126 778 3202 Anglorum,
805 3125 932 3200 bospitio,
956 3134 984 3183 et
1004 3125 1174 3203 Megisterio
1192 3129 1331 3205 gratuito,
1356 3138 1383 3187 et
1408 3129 1485 3185 libris
1504 3130 1542 3186 ad
1561 3128 1702 3204 legendum
1717 3131 1843 3206 gratuito

266 3237 387 3306 donatis,
411 3237 448 3292 ab
469 3232 613 3299 Hibernis,
641 3242 698 3288 tarn
717 3229 893 3307 hospitaliter
919 3241 1054 3307 exceptos
1075 3229 1170 3301 fuisse,
1197 3234 1244 3305 (5)
1269 3246 1302 3292 ut
1326 3235 1406 3290 Beda
1425 3242 1536 3309 gentem
1555 3234 1691 3291 insariam
1715 3233 1844 3306 laudans,

267 3346 286 3376 “
305 3338 426 3398 Nationi
439 3337 592 3414 Anglarum
606 3353 709 3409 semper
722 3333 929 3391 amicissimem”
939 3333 1073 3394 fateatur.
1087 3331 1134 3409 (6)
1171 3336 1434 3394 Maleneshuriensis
1449 3337 1598 3394 de'iisdem
1612 3337 1705 3414 inquit
1719 3338 1755 3395 ad
1775 3354 1843 3394 ann.

265 3442 396 3516 684,-“
412 3440 570 3518 Ecgiridus,
590 3439 799 3515 Hybernenses,
808 3456 895 3514 genus
908 3455 976 3495 sane
991 3438 1149 3498 Hominum
1162 3440 1307 3511 innocens,
1321 3439 1444 3516 genuina
1457 3438 1648 3516 simplicitate,
1663 3438 1702 3497 nil
1716 3458 1843 3517 unquam

266 3555 286 3607 t‘
307 3549 436 3616 moliens,
449 3557 529 3603 vasta
542 3545 624 3601 clade
636 3542 793 3618 protrivit.’'
809 3542 854 3614 (7)

307 3653 435 3710 Nimium
450 3652 480 3707 iu
498 3651 614 3726 longum
627 3647 838 3726 protraheretur
852 3649 954 3718 oratio,
972 3649 995 3705 si
1010 3649 1040 3706 in
1053 3648 1127 3718 aliis,
1150 3648 1207 3708 hue
1219 3650 1303 3726 plane
1317 3649 1521 3726 spectantibus,
1533 3649 1639 3707 diutius
1650 3649 1844 3723 immutarem,

265 3759 388 3831 ideoque
400 3756 552 3812 Lectorem
562 3755 599 3811 ad
606 3752 838 3810 Dissertationem
850 3752 1066 3810 Prelimiaorem
1076 3753 1254 3811 referendum
1263 3772 1376 3823 censeo,
1386 3754 1434 3810 ubi
1449 3754 1482 3809 de
1490 3752 1605 3827 Origine
1613 3752 1758 3810 literarum
1768 3757 1842 3814 inter

267 3855 519 3930 Nordnnbpmbros,
534 3875 571 3912 ex
594 3855 733 3922 instituto,
754 3865 783 3911 et
804 3855 919 3929 copiose
942 3854 1068 3911 disserui,
1110 3853 1228 3911 Interim
1250 3865 1400 3911 annotasse
1422 3853 1553 3922 sufficiat,
1567 3855 1739 3911 Academias
1759 3874 1847 3930 supra

267 3969 448 4027 memoratas,
463 3958 588 4015 floruisse
599 3976 688 4033 usque
699 3958 736 4014 ad
747 3957 831 4014 tinem
843 3957 947 4015 Saeculi
957 3957 1040 4027 VIII,
1051 3957 1093 4014 uti
1107 3967 1184 4033 patet
1197 3977 1234 4014 ex
1248 3957 1386 4032 Catalogo
1396 3957 1531 4012 Virorum
1542 3953 1671 4011 doctrina
1680 3954 1845 4026 illustrium,

268 4085 363 4143 quem.
378 4063 408 4121 hi
431 4061 556 4119 Annales
582 4060 731 4130 exhibent,
751 4059 781 4117 in
804 4060 905 4136 quihus
932 4061 1047 4137 plurimi
1072 4060 1179 4135 publici
1204 4059 1388 4125 Professores,
1411 4060 1431 4090 ‘⁴
1447 4055 1498 4112 Pir
1519 4055 1631 4130 tegind'
1644 4056 1791 4132 appellati,
1814 4068 1845 4115 et

273 4238 1835 4270 mm

286 4367 320 4417 itt
337 4370 395 4418 Iied.
407 4368 493 4416 Histl.
504 4371 529 4423 4,
538 4381 560 4414 c.
570 4370 609 4420 26,
622 4381 646 4428 p.
660 4366 715 4421 175,
726 4373 776 4413 not.
788 4368 813 4420 4,
824 4338 883 4410 edit.
896 4360 1010 4411 Cantaba.
1020 4364 1092 4416 1722,
1103 4367 1128 4407 et
1139 4374 1163 4422 p.
1177 4362 1233 4412 174,
1249 4364 1299 4406 uot.
1312 4361 1352 4406 23.
1376 4356 1533 4404 Malmeshur.
1544 4357 1577 4405 ih.
1588 4373 1613 4422 p.
1624 4362 1666 4408 20.

284 4450 319 4498 12)
338 4450 395 4497 Bed.
408 4449 472 4497 Hist.
484 4448 501 4495 l.
514 4449 538 4501 5,
549 4462 571 4495 c.
582 4448 621 4501 19,
633 4460 658 4508 p.
670 4449 726 4499 206,
737 4453 787 4492 not.
798 4448 822 4491 0.

284 4525 319 4577 (3)
337 4530 399 4577 Bed.
413 4530 444 4576 ib.
458 4528 475 4574 l.
486 4530 509 4582 5,
521 4543 543 4574 c.
557 4530 596 4580 ts,
607 4541 632 4588 p.
645 4528 700 4573 200.
711 4531 762 4572 not.
774 4528 813 4572 20.
826 4523 939 4586 Itemque
949 4519 1064 4569 Mabiilon
1074 4518 1130 4567 Act.
1141 4517 1236 4567 Reued.
1246 4517 1306 4568 Sec.
1316 4521 1342 4574 3,
1352 4533 1376 4581 p.
1384 4520 1442 4576 502,
1453 4524 1478 4567 et
1488 4517 1578 4568 ΑωιιΙ.
1589 4517 1672 4569 Ultou.
1683 4519 1714 4566 ad
1725 4520 1847 4575 1616686,

287 4624 310 4671 ρ.
323 4613 363 4662 64,
375 4616 399 4655 et
410 4618 459 4655 not.
471 4608 502 4654 ad
513 4623 569 4655 ann.
579 4609 636 4659 703,
648 4621 672 4667 p.
685 4607 725 4652 69.

287 4688 330 4747 (4)
348 4687 478 4734 Cambrens
490 4687 571 4734 Evers.
584 4702 638 4749 pag.
647 4688 703 4732 129.
801 4685 835 4731 (5)
853 4682 911 4730 Beni.
923 4682 941 4728 l.
951 4683 999 4736 3,e
1014 4682 1054 4736 27,
1066 4678 1259 4744 pag.186.etlit.
1271 4679 1386 4727 cantabr.

287 4765 331 4826 (6)
350 4766 413 4812 Ibid.
425 4767 441 4812 l.
454 4770 479 4820 4,
488 4783 509 4814 c.
523 4772 563 4820 26,
576 4782 629 4828 pag.
639 4768 694 4821 1⁷4,
705 4770 731 4811 et
740 4763 812 4811 Smith
824 4763 848 4810 iu
860 4771 917 4810 nota
926 4764 966 4810 23.

287 4849 332 4911 (7)
352 4846 499 4892 Motmesbar.
508 4845 615 4893 deGest.
627 4844 691 4908 Reg.
704 4843 801 4908 Anglor.
812 4843 829 4891 I.
842 4847 865 4890 t.
883 4839 1015 4906 Scriptores
1024 4847 1079 4905 post
1089 4838 1152 4889 Bed.
1161 4837 1221 4887 edit.
1231 4835 1343 4887 Francos.
1355 4836 1427 4888 1601,
1437 4846 1494 4896 ptss·
1504 4835 1543 4881 20.
1561 4830 1652 4882 Cousm
1662 4832 1750 4884 Ausul.
1760 4832 1847 4887 Uttoa

288 4927 320 4975 ad
331 4941 386 4975 aun.
395 4928 444 4974 684
454 4938 524 4988 supra
533 4939 588 4988 pag.
599 4928 640 4982 62,
652 4932 677 4972 et
688 4926 728 4973 66.
