4446 6000
317 526 415 620 lou
700 551 1140 617 nonantulonus
1181 551 1255 612 ao
1296 547 1572 611 amomi.

312 735 536 794 continuandam
556 744 738 792 concurrunt.
781 734 823 790 lV
834 733 973 810 Magistri
1004 735 1040 790 ad
1062 750 1169 789 annum
1190 735 1250 799 799
1275 728 1438 785 Potludium
1461 735 1623 786 memorant
1646 729 1897 802 Ardmacheuum,

315 838 497 915 scriptorem,
521 848 548 894 et
560 839 708 894 Canouum
731 839 927 914 interpretem,
942 837 1043 913 dequo
1057 835 1221 911 Tigernacl,
1241 845 1270 890 ct
1285 833 1458 889 Ultonienser
1468 833 1504 897 ad
1515 850 1621 889 annum
1638 839 1696 891 803
1710 833 1897 910 inquiunt.-

355 941 501 999 Dcccrir.
544 942 615 997 Ocus
633 941 656 997 is
673 960 728 997 unu
739 943 782 998 siu
798 961 829 998 ro
841 960 905 998 saer
917 941 998 997 cleric
1017 959 1048 997 er
1066 940 1095 997 la
1109 939 1186 995 Actu
1200 936 1330 1013 arsesii,
1344 956 1407 993 ocus
1419 936 1557 1011 orsluugl
1569 936 1604 991 do
1618 936 1706 994 breitls
1715 936 1899 999 formaturi

316 1043 465 1104 Conuenae.
508 1045 559 1120 [Et
573 1055 642 1101 tunc
656 1045 786 1102 liberavit
799 1047 861 1101 Rex
877 1046 940 1102 Aed
952 1045 1070 1102 Clerum
1085 1043 1229 1099 Hibernia
1245 1061 1263 1098 a
1275 1041 1391 1097 servitio
1405 1041 1530 1108 militari,
1551 1051 1580 1097 et
1603 1041 1813 1100 immunitatem
1828 1060 1901 1101 con·

318 1147 400 1204 cessit
421 1166 455 1204 ne
469 1147 498 1203 in
521 1158 663 1222 posterum
687 1147 723 1203 ad
746 1147 909 1204 bellandum
925 1147 1116 1221 adigerentur,
1139 1145 1225 1219 idque
1240 1164 1277 1201 ex
1290 1143 1429 1200 sententia
1444 1144 1573 1200 Fotbadii
1590 1145 1741 1202 Canobum
1761 1144 1902 1222 iuterpre-

320 1246 381 1323 tis.]
424 1249 577 1306 Fothadius
589 1249 636 1306 hic
649 1251 768 1306 refertur
781 1251 816 1306 ad
832 1251 908 1307 idem
921 1261 1045 1324 tempus,
1058 1251 1094 1304 ab
1109 1249 1225 1321 antiquo
1238 1247 1397 1304 Scholiasta
1412 1247 1551 1322 Festilogii
1570 1249 1746 1324 AEngusiuni,
1766 1252 1816 1325 qui
1833 1249 1902 1309 Fet·

318 1350 445 1429 tilogium
460 1351 534 1408 istud
549 1355 585 1408 ab
596 1354 742 1427 Aengusio
751 1352 870 1408 Colideo
884 1362 1036 1408 exaratum
1051 1351 1135 1408 luisse
1149 1350 1252 1426 inquit,
1264 1350 1292 1405 in
1305 1350 1483 1406 Monosterio
1495 1351 1704 1421 Tamlactense‚
1717 1370 1805 1428 prope
1815 1351 1900 1411 Dub-

318 1453 426 1524 linium,
440 1457 483 1526 (1)
503 1459 522 1486 “
536 1474 609 1511 anuo
627 1474 683 1530 quo
694 1456 757 1512 Aed
770 1454 811 1510 Vl
833 1455 896 1511 Rex
918 1455 1072 1519 Hibernia,
1087 1463 1274 1529 cognomento
1288 1452 1449 1521 Oirdnidlte,
1470 1455 1680 1530 expeditionem
1693 1473 1789 1512 versus
1807 1453 1898 1530 lage·

319 1562 337 1591 “
361 1559 413 1614 oiae
428 1558 499 1615 fines
512 1559 645 1633 suscepit,
657 1556 818 1626 Coniuncto,
835 1558 965 1633 Lageniae
979 1558 1215 1633 Archiepiscopo,
1228 1554 1264 1613 Β.
1278 1555 1419 1624 Fotludio‚
1432 1557 1553 1633 aliisque
1567 1558 1655 1627 Cleri,
1669 1572 1699 1616 et
1719 1557 1821 1632 Populi
1830 1557 1901 1615 Pto-

320 1666 339 1692 “
360 1662 470 1718 ceribus·
482 1661 694 1728 comitantibus,
716 1680 772 1737 quo
786 1670 912 1737 tempore
930 1664 1044 1735 Aengus
1064 1660 1244 1734 Festilogium
1258 1678 1340 1716 suum
1356 1660 1506 1729 Fothadio,
1520 1672 1550 1717 et
1564 1660 1719 1718 Fothadius
1730 1680 1815 1718 suum
1828 1679 1901 1738 opus

319 1768 338 1795 ⁰‘
359 1782 412 1839 pro
426 1763 494 1820 cleri
508 1764 687 1821 immunitate
702 1766 904 1840 conscriptum,
927 1765 1061 1840 AEngusio
1082 1761 1381 1839 praesentavit.”-Ab
1395 1763 1457 1820 aliis
1476 1763 1511 1819 de
1525 1782 1561 1822 eo
1580 1763 1780 1832 rescensendis,
1801 1754 1904 1823 nesitu

320 1865 438 1922 nimium
449 1867 586 1941 prolixus,
595 1869 734 1936 abstineo,
742 1879 774 1925 ut
786 1869 872 1925 liceat
885 1869 1021 1944 quosdam
1034 1887 1159 1936 monere,
1169 1867 1216 1943 qui
1231 1866 1484 1942 Edinburgensium
1496 1868 1638 1925 erroribus
1646 1868 1773 1944 alioquin
1785 1870 1903 1927 obnoxii

322 1979 425 2037 essent,
452 1970 585 2028 Scholam
608 1971 768 2028 Rustensem
788 1973 818 2030 S.
831 1972 984 2038 Fachnani‚
1000 1978 1018 2003 ‘⁶
1033 1972 1061 2026 in
1086 1990 1142 2047 qua
1165 1971 1340 2037 Brendanus,
1358 1969 1501 2026 Nemandi
1524 1969 1594 2026 clari
1615 1969 1806 2039 Poetoefilius,
1823 1980 1899 2029 attus

321 2077 342 2103 ‘⁴
364 2071 495 2129 liberales
517 2072 671 2149 praelegit,'’
695 2077 742 2149 (2)
765 2086 795 2132 et
813 2075 1032 2144 Lissneorensem,
1045 2087 1073 2130 et
1094 2072 1303 2129 Rutlenicnsun
1316 2072 1487 2147 aCarthago
1506 2070 1644 2141 conditas,
1660 2083 1691 2128 et
1709 2070 1902 2130 rucuma

323 2176 351 2236 S,
367 2175 461 2243 Albei,
475 2177 557 2252 cujus
570 2177 680 2236 obitum
694 2178 722 2236 hi
738 2179 872 2246 Annales,
887 2189 917 2236 et
936 2178 1105 2254 Tigernacb,
1120 2189 1150 2234 et
1173 2176 1381 2233 lnnissallenses
1403 2176 1530 2233 referunt
1547 2175 1582 2230 ad
1605 2192 1711 2232 annum
1732 2193 1796 2232 aerae
1819 2193 1899 2234 com·

323 2279 416 2334 munis
430 2282 498 2348 527,
511 2279 583 2336 inter
601 2290 726 2338 vetustas
739 2282 802 2339 illas
815 2282 1002 2339 numerandas
1023 2301 1094 2348 esse,
1120 2299 1183 2356 quae
1206 2299 1262 2337 non
1287 2280 1378 2336 solum
1401 2279 1549 2353 Hpensenr,
1573 2279 1772 2337 verumetiam
1788 2279 1900 2356 Hyonae

324 2379 478 2439 Matricem
492 2381 714 2453 Benclormsem,
727 2395 756 2441 et
771 2384 949 2453 Derrensem,
961 2395 991 2441 et
1004 2383 1244 2441 Deormoclsonum
1259 2383 1385 2458 pluribus
1400 2382 1491 2449 annis,
1501 2382 1560 2437 imo
1574 2393 1634 2439 toto
1654 2383 1758 2441 saeculo
1775 2364 1903 2441 anteces-

322 2496 392 2541 sere.
434 2485 467 2542 ln
485 2487 593 2545 Vetere
616 2486 786 2544 Provinciali
801 2487 932 2544 Romano
946 2485 1089 2543 &mensis
1108 2487 1268 2563 appellatur
1294 2491 1313 2518 ‘⁴
1324 2486 1399 2542 sedes
1413 2484 1583 2559 Episcopatu
1596 2467 1827 2544 RosaAilitltirst'
1868 2484 1901 2544 ln

324 2587 455 2644 Archivis
469 2589 563 2664 Regiis
577 2592 653 2664 apud
668 2590 815 2648 Usserium
826 2590 898 2646 Roas
906 2589 1022 2665 Hilaiy,
1045 2591 1073 2646 in
1084 2590 1184 2647 nostris
1197 2590 1355 2647 Annalibus
1370 2589 1442 2645 Rosa
1454 2580 1592 2656 Oilitlsre,
1606 2588 1625 2644 i.
1635 2607 1661 2644 e.
1685 2588 1757 2645 Ross
1773 2589 1902 2665 Peregri·

325 2691 466 2759 nantium,
480 2689 566 2749 hodie
577 2693 783 2769 Roas-earnm,
796 2693 844 2749 ubi
856 2694 1011 2751 etiamnum
1024 2706 1104 2752 extat
1119 2694 1256 2763 Ecclesia,
1268 2692 1298 2752 S.
1313 2691 1453 2749 Fuclnuui
1465 2691 1577 2748 nomine
1589 2691 1730 2768 insignita,
1742 2711 1828 2768 quem
1842 2693 1902 2752 Vc·
1967 2676 1971 2685 ’

324 2801 417 2851 tustus
430 2794 557 2870 Scriptor
570 2796 645 2852 Vitae
660 2796 689 2853 S.
703 2796 913 2872 Mochoemogi,
936 2798 1019 2855 editae
1030 2799 1134 2874 partim
1148 2801 1185 2856 ab
1197 2798 1324 2867 Usserio‚
1341 2800 1388 2869 (3)
1411 2796 1519 2871 integre
1539 2814 1557 2852 a
1571 2795 1674 2865 Sirino,
1689 2807 1722 2853 ut
1733 2797 1821 2854 cirum
1832 2798 1907 2872 tapi-

323 2907 410 2955 entem
428 2898 536 2968 laudat‚
557 2911 587 2957 et
607 2900 747 2957 habitasse
770 2902 862 2976 inquit
880 2906 900 2934 ‘⁴
921 2901 950 2959 in
961 2902 1087 2960 Australi
1108 2903 1252 2960 Hiberniae
1273 2912 1364 2979 parte,
1384 2901 1474 2974 juxta
1494 2919 1582 2969 mare,
1597 2899 1627 2956 in
1645 2919 1697 2957 suo
1717 2899 1905 2968 Mouasterio,

326 3005 346 3033 ‘⁴
367 3002 415 3059 ubi
427 3002 515 3059 crevit
525 3003 624 3060 civitas
635 3001 708 3060 Rosa
718 3003 852 3080 Ailitluy,
865 3005 895 3062 iu
908 3025 966 3081 qua
977 3025 1080 3082 anper
1089 3015 1180 3063 manu
1194 3025 1327 3081 magnum
1338 3004 1465 3062 studium
1479 3003 1681 3060 scholarium?
1690 3006 1733 3075 (4)

366 3107 433 3164 Non
447 3106 545 3183 ignoro
555 3106 630 3164 hanc
643 3108 741 3165 Vitam
754 3107 965 3183 interpolatam,
978 3110 1106 3185 pluribus
1120 3112 1228 3167 mendis
1238 3114 1442 3167 scatere-At
1455 3106 1686 3183 interpolationes
1694 3107 1768 3183 ipsas
1780 3117 1904 3167 vetustas

325 3230 395 3280 esse,
420 3212 595 3269 demonstrat
616 3210 772 3288 antiquitas
785 3211 899 3269 Codicis
914 3212 1110 3271 Ardmachani
1122 3213 1228 3270 laudati
1244 3215 1280 3270 ab
1295 3213 1419 3279 Usserio,
1441 3212 1567 3287 itemque
1580 3209 1658 3268 ahud
1671 3210 1818 3286 exemplar
1829 3211 1905 3287 eius·

324 3313 389 3370 dem
410 3314 494 3381 vttae,
509 3315 585 3389 quod
600 3333 637 3370 ex
658 3312 759 3371 Codice
767 3322 926 3390 pervetusto
940 3315 1098 3372 Kilkennite
1113 3316 1201 3373 edidit
1213 3316 1365 3392 Colganus,
1380 3316 1463 3391 cujus
1478 3316 1607 3392 Scriptor
1619 3316 1710 3374 utitur
1723 3317 1806 3375 variis
1820 3316 1905 3395 phra-

326 3414 415 3484 sibus,
443 3427 472 3474 et
492 3418 581 3474 verbis
606 3419 714 3494 priscis,
737 3430 767 3477 et
786 3418 877 3475 modis
897 3418 1042 3495 loquendi,
1073 3438 1137 3495 quae
1159 3433 1303 3478 auctorem
1328 3432 1396 3479 ante
1416 3422 1566 3478 Danorum
1588 3419 1741 3478 adventum
1762 3419 1904 3497 scripsisse

327 3517 530 3577 demonstrant.
571 3522 617 3577 Ad
639 3540 751 3579 omnem
769 3522 927 3580 tollendam
941 3522 1173 3594 controversiam,
1196 3524 1326 3592 sufficiat,
1340 3525 1530 3582 Adamnonunt
1553 3523 1680 3596 ejusdem
1703 3522 1839 3581 Fecduani
1850 3522 1905 3581 Su·

322 3621 424 3695 picatis
439 3623 606 3693 meminisse,
625 3628 670 3698 (5)
693 3645 778 3703 quem
791 3629 828 3682 ab
841 3628 1005 3684 auctoribus
1019 3626 1162 3705 praedictis
1176 3639 1362 3686 memoratum
1378 3627 1533 3711 declarari.

365 3723 469 3783 Schola
481 3725 652 3799 Cluuuensis,
670 3748 744 3806 quae,
755 3749 773 3786 a
785 3729 932 3787 conditore
957 3735 976 3762 “
988 3728 1089 3789 Cierm
1101 3750 1159 3789 nuc
1170 3750 1206 3790 un
1216 3731 1352 3806 tsuiglir”
1364 3726 1409 3803 (b)
1427 3731 1573 3807 [Kierano
1583 3729 1642 3790 filio
1652 3728 1805 3806 Artificis]
1824 3730 1902 3791 Dun-

326 3827 506 3890 Kieroncusis
521 3833 597 3890 sedes
619 3833 648 3890 in
671 3842 767 3891 vetere
783 3834 951 3891 Provinciali
965 3835 1219 3906 Romanodicitur,
1232 3836 1279 3909 (7)
1306 3845 1481 3893 memoratur
1497 3835 1603 3911 pariter
1612 3835 1650 3893 ab
1661 3836 1843 3894 Adamnano.
1857 3837 1906 3909 (8)

325 3935 345 3964 ⁴⁶
367 3930 464 3993 Libuit
480 3936 593 3994 visitare
607 3935 708 3992 iratres
722 3935 770 4011 qui
780 3935 809 3992 in
819 3933 946 3993 Clonenei
958 3935 989 3994 S.
1004 3936 1106 3995 Caroni
1119 3939 1249 3996 cenobio
1262 3938 1489 4005 commutabant,
1506 3938 1555 4012 qni
1582 3936 1682 3997 audito
1703 3938 1766 4013 ejus
1778 3957 1907 4007 accessu,

327 4039 346 4069 “
368 4040 523 4096 cumomni
537 4038 685 4097 alacritate
699 4057 780 4096 suum
804 4050 1009 4115 consequentes
1029 4041 1173 4098 Abbatem
1187 4041 1362 4110 Alitherum,
1387 4039 1588 4104 S.·Columbae,
1610 4040 1691 4118 quasi
1705 4041 1816 4117 Angelo
1838 4021 1905 4108 Μ’,

329 4142 349 4169 “
370 4140 482 4196 obviam
495 4143 608 4216 egressi,
632 4143 736 4200 vallum
756 4143 927 4201 lllonasterii
947 4143 1121 4202 unanimiter
1134 4155 1264 4222 pergunt,
1277 4143 1441 4220 hymnisque,
1466 4154 1496 4200 et
1524 4142 1655 4202 laudibus
1670 4154 1840 4211 resonantes,
1852 4138 1906 4198 lio·

329 4242 348 4273 ‘⁴
370 4239 486 4297 norifice
500 4242 535 4297 ad
550 4244 706 4303 Ecclesium
722 4248 892 4322 perducunt,
919 4250 1119 4326 quandamque
1132 4251 1167 4306 de
1181 4250 1260 4326 lignis
1274 4249 1467 4326 Pyramidem,
1478 4265 1546 4323 erga
1566 4247 1703 4305 Sanctum
1718 4243 1907 4303 deambulan-

329 4346 349 4375 “
371 4349 428 4399 tem
453 4342 686 4417 constringentes,
712 4367 730 4403 a
760 4363 883 4424 quatuor
910 4353 974 4409 viris
998 4371 1079 4430 aeque
1104 4354 1327 4423 ambulantibus,
1362 4351 1521 4430 supportari
1547 4351 1683 4418 lecerunt,
1707 4366 1745 4406 ne
1772 4344 1910 4404 videlicet

345 4637 377 4685 ltl
396 4641 471 4688 Codex
481 4638 630 4692 bodleianae,
643 4636 720 4692 Laud,
731 4637 757 4685 F.
769 4642 809 4687 95.
821 4656 835 4686 a
846 4645 894 4688 600
906 4643 974 4690 annis
985 4655 1101 4694 exaratus.
1114 4648 1177 4696 Vide
1191 4647 1275 4696 Woraei
1286 4648 1371 4712 Antiq.
1381 4648 1460 4699 Inna
1473 4650 1546 4704 1⁶54,
1556 4652 1582 4694 et
1591 4643 1680 4708 colgus
1689 4642 1753 4691 Acta
1763 4658 1820 4706 pag.
1832 4643 1892 4692 sot.

345 4717 379 4767 lt)
397 4719 513 4768 Primord.
525 4734 549 4782 p.
562 4721 634 4773 1064,
644 4727 669 4766 ot
679 4717 779 4768 Dissert.
790 4719 894 4768 Praelim.
907 4721 946 4767 ubi
958 4722 989 4769 de
1002 4725 1142 4786 antiquitate
1152 4727 1217 4774 Artis
1229 4727 1338 4776 Mettica
1347 4729 1409 4776 inter
1419 4730 1549 4778 Hibamos.

346 4795 379 4847 ts)
397 4798 457 4847 ibid.
472 4816 496 4864 p.
509 4802 654 4854 acm-910.
753 4801 786 4859 (4)
805 4801 952 4849 Collectaueu
962 4802 1036 4850 Sacra
1045 4819 1100 4865 pag.
1113 4809 1170 4858 381.
1180 4817 1205 4854 ct
1216 4806 1413 4855 UsserPrimord.
1426 4823 1450 4870 p.
1461 4812 1519 4856 sot.

346 4871 380 4924 (5)
397 4879 519 4926 Adnmnan
529 4879 560 4927 de
571 4879 628 4927 Vita
638 4879 692 4930 Col.
704 4879 721 4927 l.
735 4885 758 4936 1,
769 4897 791 4929 c.
801 4883 842 4937 80,
852 4880 878 4928 in
887 4879 975 4929 Triade
985 4895 1010 4944 p.
1017 4883 1074 4930 ³4⁵.
1172 4889 1207 4940 (ti)
1223 4887 1309 4935 Annei.
1323 4886 1401 4935 Ultori·
1411 4888 1443 4936 ad
1454 4902 1511 4936 suu.
1522 4889 1582 4944 5⁴8,
1591 4900 1649 4950 pag·
1661 4888 1702 4934 19.

347 4951 382 5004 17)
400 4956 491 5005 ll'otitio
502 4957 683 5022 Episcopataun
693 4960 760 5009 edita
767 4961 798 5011 ab
808 4961 916 5010 Auberto
928 4962 1013 5011 Mitto
1021 4960 1166 5026 Autnerpie
1176 4968 1248 5016 1613.
1346 4969 1380 5022 (8)
1397 4969 1521 5018 Admana
1529 4967 1546 5016 l.
1558 4972 1582 5036 1,
1593 4965 1682 5024 e.³,iu
1690 4963 1843 5030 Triadepag.
1854 4965 1911 5014 889.
