4446 6000
319 527 395 620 ‘80
761 524 1023 613 situatas
1063 543 1465 613 narourarraaa

326 737 493 834 Snedgus
509 734 625 830 dergg
640 727 774 827 [rufus]
793 754 907 828 nepos
927 729 1159 804 Inroiciridlri
1178 727 1346 829 jugulati
1371 738 1471 803 sunt.
1526 723 1754 828 Congressio
1785 731 1918 811 Irrots

315 859 480 960 foichrre,
509 855 624 956 [apud
649 854 743 928 Ross
761 850 914 946 fochne]
932 853 995 927 ubi
1017 852 1169 948 quidam
1198 851 1416 925 ceciderunt
1430 851 1512 924 ‘den
1539 848 1624 946 dibi
1642 851 1909 948 Airgiallaiid,

331 983 395 1078 [de
429 979 574 1053 dnobus
604 975 838 1075 Airgialliis,]
868 975 965 1050 inter
994 974 1180 1050 Saliorum
1222 985 1260 1048 et
1291 972 1470 1046 familiam
1516 971 1704 1064 Etidaclr,
1759 978 1907 1076 nepotis

325 1103 551 1179 Dominoill.
605 1101 832 1196 Coriolllmoc
861 1083 1044 1174 Mondaia
1072 1096 1238 1171 martirio
1261 1109 1472 1170 coronatus.
1526 1097 1735 1174 Adomrtani
1751 1101 1905 1201 reliquie

324 1224 597 1302 transferuntur
613 1225 653 1298 in
672 1223 904 1312 Hiberniam,
919 1234 956 1295 ct
975 1221 1056 1294 Lex
1077 1229 1285 1292 renovatur.
1311 1217 1454 1291 Bellum
1467 1218 1579 1292 Moin
1597 1220 1695 1296 inter
1707 1226 1792 1300 dina
1807 1227 1906 1301 Bul·

323 1352 465 1449 loigrriu
485 1351 656 1448 [populos
676 1347 881 1446 Bullagnii]
897 1347 1027 1442 inquo
1045 1341 1183 1419 cecidit
1197 1341 1387 1436 Loidgrzen
1404 1363 1484 1414 moe
1498 1342 1722 1437 Conmealde,
1743 1347 1907 1427 Daseia

321 1473 443 1549 victor
470 1471 553 1547 fuit.
582 1473 796 1547 staremus
816 1496 895 1546 mac
912 1469 1034 1545 Broin
1052 1490 1118 1540 rex
1137 1463 1425 1564 Lageniensium
1443 1465 1609 1538 moritur.
1662 1469 1908 1547 Daidainlrer

317 1622 397 1673 mac
413 1597 585 1696 Comgail
599 1619 664 1671 rex
679 1595 836 1671 Cruitne
852 1590 1075 1689 [Pictorum]
1086 1589 1285 1688 jugulatus
1302 1598 1368 1662 est.
1397 1587 1542 1664 Bellum
1561 1590 1711 1681 Biorne,
1744 1593 1805 1667 vel
1816 1595 1907 1671 Isse

323 1719 485 1815 [insula]
511 1719 715 1816 Bregoinn,
752 1717 791 1790 in
823 1741 899 1812 quo
928 1715 1149 1790 ceciderunt
1167 1713 1337 1786 Eterscel
1364 1735 1445 1786 mec
1474 1711 1620 1809 Celloig
1650 1710 1834 1812 Curiana,
1868 1728 1909 1794 et

320 1842 466 1939 Corrgui
479 1867 557 1917 mec
576 1842 707 1931 Brain,
727 1841 864 1914 Foelon
879 1836 1097 1913 victorfuit.
1151 1833 1381 1908 Dormitatio
1400 1835 1611 1910 Citii-crist.
1857 1929 1865 1945 ἱ

319 1966 389 2043 Siti·
414 1962 492 2043 ὧτε
505 1983 549 2053 ts·
565 1965 632 2043 hii.
684 1964 828 2041 Bellum
853 1963 998 2036 Dromo
1026 1961 1173 2035 corceio
1198 1959 1301 2033 inter
1329 1957 1605 2034 Fluitlrbertocls
1625 1984 1704 2037 mac
1723 1961 1906 2065 loingsig

317 2104 357 2164 et
373 2089 511 2165 Cirroed
525 2090 643 2163 filium
658 2090 773 2186 Irgol
790 2085 851 2185 (l)
873 2086 912 2160 in
931 2111 1006 2184 quo
1021 2085 1153 2160 Cinaei
1181 2095 1220 2156 et
1245 2080 1380 2158 Endos
1407 2106 1486 2158 moe
1503 2083 1666 2176 Aiilello,
1703 2087 1913 2166 Mastaura

317 2236 396 2288 aroc
410 2212 621 2306 Ferodaiclr,
641 2226 679 2287 et
692 2211 856 2300 Daseia
872 2233 950 2284 moe
965 2209 1135 2286 Cormaic
1161 2205 1390 2280 ceciderunt.
1445 2206 1592 2311 Bellum>
1612 2210 1780 2303 Ailsnne,
1806 2212 1922 2305 inter

317 2337 411 2411 duos
430 2338 636 2412 Germanos
653 2335 748 2410 filios
764 2337 954 2410 Mareade
967 2357 1021 2407 mc
1032 2333 1167 2422 Brain,
1187 2342 1226 2403 et
1242 2328 1406 2403 Dunclro
1423 2329 1547 2404 senior
1555 2330 1762 2432 jugulatur,
1774 2334 1906 2435 junior

316 2460 499 2536 Faclomrs
514 2473 655 2559 regnat.
693 2462 813 2537 Flami
828 2457 986 2541 Ocatrib
1003 2455 1130 2531 Abbas
1149 2452 1340 2527 Benciruir
1359 2450 1463 2527 obiit.
1502 2452 1648 2530 Bellum
1666 2459 1906 2538 Monidcroib

267 2674 269 2681 Ι
316 2583 413 2658 iuter
437 2585 602 2660 Pictores
621 2584 779 2682 [Pictos]
803 2583 976 2672 invicem,
1004 2580 1070 2655 ubi
1090 2578 1240 2676 Oerrgus
1270 2577 1393 2651 victor
1409 2574 1493 2666 fuit,
1523 2587 1561 2651 et
1590 2580 1702 2653 multi
1730 2606 1778 2657 ex
1800 2592 1906 2683 pa'rte

316 2707 462 2805 Eilpini
477 2708 573 2806 regis
590 2708 765 2807 perempti
786 2719 885 2781 sunt.
940 2706 1083 2779 Bellum
1113 2703 1338 2779 lacrimabile
1370 2702 1468 2776 inter
1496 2702 1643 2777 eosdem
1669 2720 1819 2806 gestum
1846 2722 1906 2787 est

310 2827 425 2928 juxta
447 2831 650 2905 Castellum
678 2830 795 2921 Credi,
829 2830 894 2905 ubi
918 2829 1092 2929 Elpinius
1112 2828 1258 2929 effugit.
1287 2826 1489 2901 Dominoll
1518 2852 1597 2902 mac
1631 2827 1803 2908 Ceatioclr
1838 2859 1905 2910 rex

316 2952 481 3031 Conaclrt
498 2956 664 3030 moritur.
719 2955 837 3041 Quies
853 2956 919 3030 filii
937 2956 1104 3032 Betioclt
1118 2956 1188 3030 viri
1203 2953 1377 3055 sapientis
1393 2948 1600 3028 Momonie.

313 3081 383 3160 aa.
397 3078 531 3167 ostri
548 3083 624 3160 siit
680 3082 903 3170 Eiebericit,
926 3080 1067 3155 Christi
1096 3080 1210 3171 miles,
1243 3079 1283 3153 in
1315 3087 1446 3152 sancta
1463 3076 1582 3154 Pasca
1601 3078 1661 3154 die
1676 3094 1817 3179 pausat.
1841 3081 1901 3181 (2)

314 3400 361 3469 (1)
384 3403 404 3432 ⁸⁴
417 3397 486 3455 Mae
497 3397 609 3474 figulo,
622 3419 664 3457 mc
674 3398 810 3477 coming,
823 3421 865 3459 mc
877 3397 973 3470 θοίνα,
985 3419 1028 3459 mc
1037 3399 1174 3478 Congolo,
1189 3419 1230 3458 mc
1243 3400 1307 3459 Aea
1316 3397 1428 3457 Sloind'
1468 3399 1540 3458 Cod.
1552 3400 1687 3461 Clarcnd.
1700 3411 1751 3472 49.

314 3495 360 3568 (2)
383 3494 429 3552 De
441 3494 590 3570 Ecgbercti
604 3497 767 3556 Monastica
780 3498 838 3556 vita
859 3499 887 3555 in
902 3497 1047 3568 Hibernia,
1072 3498 1247 3575 temporibus
1260 3495 1345 3571 Regis
1369 3494 1506 3573 Aeifredi,
1530 3498 1579 3573 qui
1602 3510 1632 3555 et
1652 3499 1711 3576 ipse
1737 3501 1764 3556 ia
1779 3501 1901 3577 regioni·

316 3591 364 3647 bos
383 3588 541 3649 Scottorum
554 3592 665 3650 lectioni
683 3613 791 3671 operam
811 3593 923 3656 dobotl'
949 3594 1018 3654 vid.
1030 3594 1104 3653 Bed.
1119 3594 1149 3652 iu
1159 3591 1403 3651 VitaCuthbercti
1416 3612 1442 3651 c.
1455 3599 1504 3662 24,
1518 3613 1547 3669 p.
1561 3596 1632 3664 247,
1647 3605 1679 3654 et
1690 3614 1774 3671 supra
1792 3605 1852 3654 not.
1864 3598 1904 3654 ad

316 3704 384 3745 anu.
395 3682 555 3749 rra-De
570 3689 670 3747 eodem
686 3692 765 3748 Beda
777 3692 931 3770 inquit-‘⁴
947 3691 1058 3750 Mansit
1071 3702 1166 3749 autem
1181 3689 1235 3746 Vir
1246 3687 1305 3744 Dui
1316 3687 1440 3762 aegras
1453 3706 1538 3745 annos
1552 3690 1603 3747 xiii
1625 3690 1654 3748 ia
1666 3693 1785 3767 praelata
1806 3692 1901 3750 insula

317 3782 472 3859 [Hiiense,]
482 3803 613 3861 annoque
628 3786 787 3847 Dominicae
801 3787 1004 3848 ineamatiouis
1016 3791 1035 3851 7
1038 3793 1087 3858 29,
1108 3805 1165 3863 quo
1190 3783 1302 3843 Pascha
1327 3784 1511 3843 Dominicum
1536 3787 1584 3844 viii
1612 3787 1678 3848 Καὶ.
1694 3788 1840 3847 Maiarum
1856 3789 1903 3848 die

316 3881 523 3951 celebrabatur,
537 3899 603 3939 curn
614 3881 766 3942 Missurum
778 3877 933 3943 Sollemnia
945 3885 975 3942 in
989 3885 1154 3942 memoriam
1172 3881 1301 3955 ejusdem
1319 3880 1480 3939 Dominicae
1490 3883 1904 3958 Resurrectioniscelebrasset‚

315 3977 406 4036 eodem
418 3978 462 4037 die
474 3979 578 4055 etipse
598 3978 727 4055 migravit
747 3979 784 4038 ad
808 3978 916 4051 Dnm,”
958 3980 1062 4040 asar.
1077 3978 1387 4050 scenas-llaec
1415 3998 1453 4036 ex
1470 3976 1550 4037 Beda
1564 3980 1666 4039 ultima
1684 3983 1845 4041 testimonia
1867 3982 1904 4041 ad

317 4063 419 4133 borum
433 4076 588 4135 Annalium
603 4076 687 4134 fidem
701 4079 927 4140 confirmandam
937 4078 1062 4148 adduco,
1072 4075 1271 4135 desinentehis
1285 4074 1461 4151 temporibus
1471 4076 1532 4151 ejus
1541 4076 1682 4148 Historia,
1694 4079 1795 4136 saltem
1808 4077 1904 4153 quoad

315 4187 360 4224 res
387 4169 565 4230 Hibemicas.
608 4173 642 4231 ld
656 4187 750 4233 autem
762 4194 797 4232 eo
813 4175 899 4251 magis
923 4176 1042 4232 moleste
1061 4173 1122 4230 iero
1141 4191 1200 4248 quo
1213 4173 1300 4248 magis
1319 4171 1478 4249 Scriptores
1505 4182 1569 4249 post
1592 4173 1700 4230 Bedam
1719 4172 1765 4230 vel
1789 4189 1905 4246 prorsus

317 4262 400 4322 sileut
414 4263 448 4319 de
465 4266 614 4338 Hibernia,
626 4270 670 4326 rel
684 4271 765 4340 mira,
777 4284 863 4347 atqua
880 4270 993 4338 stolida,
1007 4270 1087 4347 quasi
1104 4269 1253 4328 Danorum
1268 4267 1474 4326 vastationibus
1486 4267 1639 4343 perterriti,
1652 4276 1681 4322 et
1694 4265 1845 4341 stupefacti
1860 4267 1904 4323 sa-

318 4359 464 4419 bulautur.
507 4360 658 4436 Procopius
669 4364 704 4420 dc
716 4366 797 4424 Rello
808 4364 934 4425 Gothico
944 4367 1001 4436 Le,
1018 4385 1045 4427 c.
1057 4372 1106 4435 20,
1115 4367 1151 4424 da
1164 4366 1267 4424 Insulis
1280 4361 1451 4423 Britannicis
1467 4361 1593 4438 loquitur
1606 4372 1741 4435 tanquam
1768 4360 1806 4417 de
1827 4369 1904 4422 terra

312 4455 470 4534 incognita,
485 4467 514 4516 et
528 4458 566 4515 de
576 4457 776 4535 regionepuam
787 4463 884 4518 anime
896 4462 1084 4539 defunctorum
1096 4461 1398 4522 inhabitant-Porro
1413 4457 1561 4535 Ecgbereti
1574 4453 1713 4515 memoria
1733 4473 1790 4513 uon
1812 4459 1904 4518 semel

314 4554 400 4613 obvia
412 4554 445 4613 fit
465 4554 495 4614 iu
522 4553 680 4614 Annalibus
708 4555 966 4632 Angla-Saronico,
986 4559 1015 4615 in
1036 4559 1139 4635 quibus
1163 4558 1200 4615 ad
1225 4554 1501 4623 numm-“Her
1520 4551 1631 4610 casseu
1649 4567 1679 4608 se
1704 4558 1816 4609 steorro
1839 4551 1904 4614 liae

314 4647 434 4724 opeirde,
447 4653 503 4711 aad
515 4650 567 4710 Ser
581 4649 722 4729 Ecgbyrit
735 4653 763 4708 is
775 4651 1115 4731 disordferde”-[Hoc
1128 4672 1205 4712 auno
1217 4651 1338 4708 Cometa
1352 4650 1433 4708 stella
1445 4651 1564 4726 seipsam
1585 4645 1718 4705 exhibuit
1736 4660 1767 4704 et
1785 4646 1815 4706 S.
1830 4649 1902 4726 Ecg·

317 4750 465 4808 berctusin
478 4749 507 4808 Ji
519 4746 664 4825 decessit]
707 4747 863 4807 Florentius
877 4748 969 4825 iuquit
992 4750 1183 4827 Ecgberctum
1195 4747 1298 4804 obiisse
1320 4750 1341 4778 “
1356 4747 1403 4804 viii
1418 4745 1488 4807 Kal.
1503 4745 1579 4804 Maii
1604 4763 1663 4821 ipso
1688 4746 1734 4804 die
1759 4742 1902 4805 Pectat

316 4845 408 4920 Atqui
419 4856 530 4912 cerrum
541 4857 585 4911 est
595 4844 861 4918 Paschaauui729,
874 4846 904 4906 in
917 4846 993 4906 diem
1007 4853 1047 4908 24
1060 4843 1177 4926 Aprilis,
1187 4843 1245 4908 ie.
1257 4841 1304 4902 viii
1319 4841 1388 4904 Kal.
1398 4841 1476 4903 Mari
1488 4843 1631 4905 incidisse.
