4446 6000
363 510 430 611 26
797 531 1059 600 nauseas
1099 529 1502 632 ascomannos.

360 725 429 800 fle.
455 716 583 802 mles.
644 710 727 787 Kal.
739 707 826 786 Jan.
839 706 948 786 efen
962 707 1039 785 lun.
1053 732 1119 780 xx.
1173 707 1209 779 A
1241 719 1361 783 morte
1385 708 1538 784 Patrieii
1564 733 1599 785 e.
1628 712 1729 786 anni.
1752 712 1814 812 (1)
1871 715 1943 794 Vel

360 841 433 916 ime
469 863 568 913 anno
603 832 747 934 quievit
777 832 955 909 Meleissa
987 828 1179 906 Daiminee
1199 829 1260 927 (2)
1315 830 1532 927 [Molossiur
1563 833 1689 910 Abbas
1721 836 1945 916 Monasterii

361 957 585 1051 Desidiam]
954 991 962 1003 ¹
1425 972 1433 991 “

362 1086 431 1163 fin.
458 1083 499 1160 Φ
516 1080 614 1166 test
643 1077 726 1156 Kal.
738 1077 824 1153 Jan.
842 1073 892 1148 vi.
906 1073 970 1152 fer.
992 1074 1069 1149 lun.
1084 1073 1107 1148 i.
1153 1074 1729 1180 OccisioDooeicMuiretlruig
1749 1083 1783 1158 ·i·
1802 1083 1945 1160 Boeten

362 1230 417 1280 mc
441 1200 782 1297 Muirclreortoiglr,
810 1221 894 1271 ocus
920 1197 1032 1287 Eoclr,
1064 1221 1118 1271 mc
1140 1197 1365 1290 Domlrnnill,
1392 1202 1426 1275 ie
1446 1202 1760 1302 Metronartaip
1791 1207 1824 1282 ic
1840 1207 1945 1285 Erca

361 1325 536 1424 [duorum
554 1335 734 1422 nepotum
751 1317 993 1416 Murethagii‚
1026 1321 1049 1394 i.
1067 1345 1097 1393 e.
1119 1321 1273 1396 Boetani
1289 1323 1356 1396 filii
1373 1323 1657 1423 Murchertagii,
1677 1338 1715 1400 et
1731 1326 1862 1403 Eochii
1876 1332 1944 1408 lilii

362 1448 602 1536 Domhnaldi‚
625 1445 689 1518 filii
711 1440 996 1540 Murchertagii,
1015 1443 1081 1516 filii
1098 1444 1217 1538 Ercae]
1247 1446 1358 1520 tertio
1383 1472 1482 1520 anno
1499 1449 1604 1545 regni
1620 1449 1687 1523 sui.
1742 1450 1941 1531 conante

362 1575 571 1677 ligernnig‚
590 1573 625 1646 ri
643 1567 891 1645 Ciannoclstae
904 1567 988 1662 glan
1007 1591 1054 1640 na
1066 1568 1200 1663 geniem
1220 1567 1387 1663 [Cronan
1404 1569 1502 1643 filius
1516 1572 1744 1673 Tigernagii,
1766 1602 1830 1652 rex
1847 1581 1943 1679 regi·

361 1699 443 1774 onis
470 1693 715 1782 Ciannachta
748 1690 853 1763 vallis
874 1689 1043 1784 Gevirm]
1060 1691 1205 1765 occisor
1222 1714 1348 1764 eorum
1384 1702 1472 1765 erat.
1526 1693 1666 1768 Moeno
1694 1696 1769 1794 Eps
1800 1701 1944 1777 Cluana

353 1821 464 1924 ferta
482 1820 646 1895 Brenein
676 1817 840 1913 [Moatra
875 1813 1082 1913 Episcopus
1116 1815 1268 1935 Cluana
1289 1813 1405 1913 forta
1434 1816 1620 1890 Brendani
1639 1819 1661 1891 i.
1674 1842 1703 1892 e.
1736 1819 1944 1923 Episcopus

368 1943 535 2020 civitatis
555 1939 765 2033 Cluanfert]
780 1939 934 2037 quievit.
965 1939 1069 2012 Mors
1085 1937 1244 2012 Demoin
1262 1961 1316 2010 mc
1337 1938 1482 2012 Cairill.
1511 1938 1687 2034 [Demani
1701 1942 1766 2016 filii
1790 1933 1944 2042 Catilli]

358 2069 429 2143 ver
451 2065 522 2140 hoe
539 2091 648 2156 anno,
668 2063 820 2139 Occisio
839 2063 1041 2137 Diormata
1059 2064 1093 2136 ic
1110 2061 1301 2137 Cerdlnill
1313 2059 1521 2157 [Diarmitii
1538 2062 1606 2135 filii
1623 2062 1839 2162 eerveoliin
1891 2073 1938 2146 ln

363 2187 547 2265 hocanno
564 2202 673 2287 capta
700 2201 756 2263 est
782 2187 819 2260 in
837 2187 1078 2284 Mnirglteilt.
1106 2185 1304 2282 [marinum
1338 2183 1474 2258 animal
1497 2184 1632 2281 speciei
1664 2185 1849 2285 hurnanae]
1878 2193 1940 2292 (8)
1992 2235 1996 2243 ·

365 2313 483 2400 Quies
500 2314 691 2388 Brennein
707 2312 826 2386 Beira
840 2309 1042 2407 [Brendani
1060 2307 1252 2402 Birrensis]
1267 2320 1309 2382 ut
1322 2305 1385 2380 alii
1403 2305 1547 2380 dicunt.
1568 2305 1630 2407 (4)

362 2660 476 2729 gestum
490 2650 585 2719 luisse,
600 2651 672 2709 inter
699 2648 859 2718 Arthurum
881 2648 990 2724 Regem
1010 2645 1158 2704 Britonum
1183 2654 1212 2701 et
1235 2643 1373 2714 Saxones,
1395 2663 1432 2700 ex
1447 2643 1540 2702 Gildae
1553 2647 1645 2704 verbis
1670 2649 1788 2709 tradidit
1797 2650 1904 2712 Bedol.
1916 2661 1943 2726 l,

362 2767 390 2807 e.
403 2743 532 2805 rol-At
544 2745 635 2802 Gilda
643 2747 730 2803 verba
743 2749 869 2802 sunt-‘⁴
885 2743 991 2820 Quique
1009 2742 1232 2819 quadragesimus
1244 2749 1369 2817 quartus,
1382 2747 1414 2797 nt
1436 2740 1508 2809 nori,
1531 2741 1641 2799 orditur
1663 2762 1758 2815 annus,
1783 2765 1870 2806 mense
1879 2752 1945 2825 jam

362 2844 455 2920 primo
467 2860 579 2911 menso,
603 2841 650 2918 pei
659 2849 687 2898 el
699 2859 762 2897 mee
773 2839 932 2897 nativitatis
942 2839 1012 2898 est.''
1053 2838 1126 2908 Quae
1141 2839 1227 2896 verba
1240 2848 1353 2912 tempus
1377 2835 1535 2912 respiciunt
1550 2855 1602 2912 pao
1627 2836 1727 2896 Gildas
1749 2843 1871 2918 scripsit,
1884 2866 1948 2906 >non

367 2959 424 3018 quo
436 2939 563 2997 Saxones
573 2936 756 3003 advenerunt,
771 2945 803 2993 ut
817 2935 927 3012 putavit
943 2934 1019 2993 Beda
1027 2956 1036 3004 ;
1048 2935 1118 2992 nihil
1129 2935 1205 2992 enim
1224 2932 1300 2991 aliud
1316 2931 1409 2997 innuit
1426 2930 1526 2989 Gildes
1545 2932 1600 2990 nisi
1614 2951 1644 2992 se
1661 2929 1805 3013 scripsisse
1820 2960 1895 3000 anno
1905 2953 1945 3009 44

365 3049 428 3113 post
443 3045 551 3112 gestum
564 3034 694 3112 praelium
709 3032 1029 3107 &donicum—Atqui
1052 3031 1181 3107 praelium
1200 3029 1275 3085 istud
1289 3045 1364 3084 anno
1383 3031 1566 3101 sangenon
1580 3036 1632 3085 est.
1674 3031 1748 3107 Ergo
1767 3035 1877 3112 scripsit
1891 3038 1946 3096 ista

365 3132 465 3190 Gildas
478 3151 554 3190 anno
568 3127 638 3197 564,
650 3129 727 3206 quod
741 3148 807 3184 cum
817 3130 918 3183 nostris
933 3125 1102 3192 Annalibus,
1119 3123 1180 3197 ejus
1193 3122 1302 3178 obitum
1313 3121 1349 3176 ad
1364 3138 1432 3176 ann.
1454 3124 1513 3183 570
1526 3121 1719 3194 referentibus,
1730 3131 1862 3205 'apprime
1877 3152 1946 3190 eon.

363 3227 462 3284 venire
477 3225 657 3282 manifestum
671 3220 880 3280 est—Gildoni
890 3217 1036 3275 Altanum
1050 3217 1126 3293 quod
1137 3216 1253 3284 attinet,
1265 3216 1350 3292 longe
1361 3226 1427 3272 ante
1439 3216 1626 3289 Budenicum,
1640 3232 1669 3278 et
1682 3222 1831 3299 quidemin
1842 3227 1946 3287 Hiber-

366 3320 464 3388 nia,S.
477 3318 597 3394 Brigidae
612 3314 798 3393 temporibus,
823 3314 936 3371 Saeculo
957 3333 974 3368 v
995 3312 1134 3380 floruisse,
1148 3310 1235 3369 tradit
1255 3308 1414 3369 Corndoces
1427 3309 1671 3373 Macaraoaensis
1694 3316 1723 3376 in
1749 3321 1818 3379 Vita
1842 3322 1946 3394 Gildoe,

367 3433 453 3490 quam
468 3408 745 3485 ediditCopgreoius.
779 3409 886 3465 Noram
901 3409 937 3465 de
951 3405 1065 3463 nomine
1079 3405 1235 3464 Hibernico
1250 3404 1347 3473 Gilda,
1365 3415 1394 3462 et
1406 3407 1443 3464 de
1453 3406 1567 3466 diversis
1579 3408 1770 3489 Scriptoribus
1783 3417 1944 3478 Hibernicis

366 3511 422 3572 isto
433 3507 546 3565 nomine
556 3504 718 3580 designatis,
733 3503 762 3562 in
776 3504 878 3561 horum
889 3502 1046 3560 Annalium
1060 3502 1115 3560 line
1127 3501 1245 3579 apposui
1257 3501 1293 3559 ad
1308 3521 1374 3560 ann.
1389 3497 1458 3571 569.

370 3609 419 3681 (l)
441 3602 522 3661 Obiit
536 3601 565 3659 S.
576 3600 717 3660 Patricius
731 3619 806 3657 arrno
819 3601 894 3658 AErae
912 3598 1071 3659 eommunis
1083 3604 1161 3668 4933
1183 3598 1258 3656 unde
1272 3608 1384 3655 constat
1396 3618 1484 3657 annos
1495 3610 1605 3660 tantum
1615 3606 1652 3666 77
1663 3604 1795 3665 interesse
1806 3627 1894 3686 usque
1907 3611 1944 3670 ad

368 3721 434 3767 ann.
447 3703 515 3763 570.
558 3699 598 3755 At
608 3694 737 3772 Mogair,
751 3714 770 3753 a
783 3715 840 3772 quo
858 3695 887 3754 hi
902 3694 1027 3753 Annales
1047 3693 1181 3770 recogniti
1196 3693 1284 3763 inere,
1304 3693 1382 3753 circa
1395 3712 1461 3753 ann.
1476 3703 1562 3766 1480,
1573 3698 1665 3756 varias
1683 3701 1851 3764 variantium
1865 3709 1944 3766 codi-

368 3815 435 3863 cum
447 3794 582 3854 lectiones
597 3793 627 3850 in
647 3793 705 3868 ipso
726 3801 801 3850 lente
825 3792 959 3869 reposuit,
972 3793 1049 3868 quod
1070 3789 1264 3849 confusionem
1278 3789 1362 3867 parit,
1377 3809 1440 3866 quae
1455 3810 1511 3850 non
1527 3793 1578 3851 nisi
1593 3795 1721 3872 pluribus
1734 3799 1943 3883 collationibus,

364 3905 394 3951 et
407 3892 465 3951 acri
479 3889 625 3966 diligentia
635 3889 748 3946 vitanda
758 3888 885 3946 est.Vide
896 3887 968 3944 inira
982 3896 1041 3946 not.
1056 3888 1093 3944 ad
1103 3906 1170 3947 ann.
1185 3891 1254 3956 572,
1266 3898 1297 3945 et
1309 3882 1379 3946 602.

367 3993 412 4067 (2)
436 3986 612 4055 marearum,
627 4003 679 4042 seu
687 3983 830 4054 Meleissa,
840 3978 979 4043 annonis
991 3983 1103 4054 obiisse,
1112 3984 1202 4060 liquet
1214 4003 1252 4042 ex
1262 3981 1345 4042 dictis
1360 3983 1396 4043 ad
1411 4003 1519 4045 annum
1529 3986 1624 4052 istum.

372 4085 420 4158 (3)
444 4085 596 4141 Adamnan
608 4080 628 4140 1.
639 4086 668 4146 2,
684 4099 710 4138 c.
723 4087 770 4150 19.
805 4086 824 4112 “
837 4080 920 4144 Mira
937 4079 1136 4154 magnitudinis
1155 4090 1306 4141 traxerunt
1316 4080 1343 4139 in
1359 4081 1497 4142 retiaculo
1509 4084 1626 4147 esocm''
1659 4086 1800 4150 Convenit
1824 4102 1945 4169 tempus.

369 4179 417 4239 De
442 4177 528 4234 Esoce
551 4176 608 4252 agit
631 4174 705 4236 Plio.
720 4176 785 4235 hist.
797 4177 864 4235 Nat.
880 4176 900 4235 1.
908 4183 938 4248 9,
949 4194 975 4233 c.
989 4182 1013 4233 l.
1063 4173 1189 4234 Isidorus
1206 4175 1226 4234 l.
1239 4182 1287 4246 20,
1302 4195 1329 4236 c.
1341 4183 1370 4248 2,
1386 4188 1416 4236 et
1439 4178 1544 4237 Glossoe
1557 4179 1812 4246 latino-Saronico
1832 4205 1897 4263 cap.
1909 4189 1945 4246 de

367 4272 508 4352 Piscibus,
526 4269 649 4339 Bsocias,
663 4271 707 4327 vel
720 4270 821 4330 Solnro.
855 4273 896 4329 At
910 4292 965 4330 vox
978 4272 1137 4331 Hibernica
1150 4271 1290 4350 Meirgelt
1302 4275 1399 4352 nequit
1411 4273 1452 4334 sic
1462 4275 1609 4352 explicari.
1632 4275 1725 4334 Sulmo
1739 4280 1895 4341 Hiberniae
1904 4295 1947 4346 est

366 4368 492 4435 Brndon,
513 4374 546 4422 nt
558 4365 588 4421 in
601 4364 641 4422 lV
653 4363 789 4440 Megistr.
801 4368 906 4426 Annal.
917 4388 981 4427 ann.
1000 4365 1069 4427 266.
1111 4369 1211 4437 iidem,
1225 4370 1261 4428 ad
1276 4390 1383 4428 annum
1400 4376 1469 4436 558,
1483 4369 1615 4444 inquiunt
1638 4376 1657 4403 ‘⁴
1668 4371 1730 4431 Irin
1744 4376 1907 4436 miliodhoirs
1920 4382 1945 4441 si

364 4461 549 4543 rogobodlten
561 4459 696 4536 mnirgelt
705 4460 733 4514 ‘l‘
743 4459 815 4516 dhon
829 4461 856 4516 ·l·
871 4461 997 4520 Eotdoclt
1010 4484 1051 4520 mc
1065 4463 1213 4523 Meiredlo
1218 4465 1275 4543 for
1286 4464 1379 4524 trecht
1388 4463 1510 4523 ollorlie
1519 4462 1585 4522 bilin
1592 4464 1696 4529 Bennie
1708 4489 1750 4527 mc
1762 4471 1821 4531 Iuli
1829 4474 1945 4534 inscaire

366 4560 504 4639 comgelli
515 4554 694 4617 &aletae-J*
715 4554 793 4630 [Hoc
807 4574 883 4614 anno
900 4569 1016 4634 captum
1029 4573 1072 4617 est
1082 4573 1238 4620 monstrum
1252 4561 1393 4620 marinum
1406 4560 1483 4636 quod
1495 4559 1599 4619 femina
1612 4563 1645 4621 M
1648 4563 1704 4622 aris
1716 4567 1886 4643 appellatur,
1909 4575 1946 4632 ab

367 4655 516 4723 Eatbacho
531 4654 589 4712 tilio
609 4650 757 4719 Muredbi,
776 4670 865 4729 prope
879 4654 981 4711 ostium
995 4655 1118 4713 fluminis
1129 4655 1265 4725 Ollarbae,
1279 4655 1308 4713 in
1328 4655 1465 4713 retiaculo
1480 4655 1588 4715 Beoani
1602 4658 1651 4716 lilii
1664 4658 1740 4731 lolii,
1754 4663 1900 4740 piscatoris
1915 4671 1944 4731 S.

365 4745 743 4829 Corngallillenchorensis.]
787 4747 897 4806 Eadem
912 4750 996 4807 refert
1008 4749 1172 4828 Tigernecl,
1183 4750 1255 4809 Cod.
1267 4749 1405 4809 11061101.
1415 4759 1446 4823 9,
1457 4751 1513 4810 col.
1525 4757 1554 4812 2.
1594 4753 1745 4833 Mairgelt.

357 4850 408 4924 (t)
432 4845 574 4906 Brendani
586 4845 697 4905 obitum
711 4845 836 4905 :eferunt
850 4844 886 4904 ad
900 4844 978 4908 huuc
991 4865 1057 4908 ann.
1077 4846 1419 4924 mortemarense.
1440 4848 1507 4909 viu.
1522 4850 1562 4911 N.
1573 4854 1611 4914 sd
1621 4871 1689 4927 ann.
1702 4849 1772 4918 564.
