4446 6000
720 539 963 603 ANNALES
997 539 1378 602 ULTONIENSES·
1801 533 1835 629 9

263 731 331 807 fin.
350 724 545 812 terrentii.
574 721 657 794 Kal.
675 720 762 794 Jan.
776 721 838 794 vii.
854 719 920 794 fer.
940 722 1016 793 iun.
1035 721 1086 793 ix.
1122 721 1217 795 cata
1233 720 1268 793 T
1262 721 1368 793 oiltin
1381 715 1459 818 sor
1480 718 1640 816 Laigniu
1655 724 1712 796 riu
1728 722 1837 798 Cair-

256 855 320 952 pri
335 854 368 927 ie
382 850 489 927 Neill
509 844 698 943 [l’raeiium
715 844 931 937 Taltinensew
945 858 1092 942 gestum
1108 855 1239 917 contra
1265 843 1522 941 Lagenienses,
1543 869 1564 916 a
1581 843 1741 944 Carpreo
1756 848 1840 921 filio

213 1009 214 1012 ¹
264 975 303 1046 N
306 974 399 1066 eiu]

260 1100 329 1176 flu.
348 1115 418 1173 terr
433 1114 474 1179 tt
489 1095 541 1172 io.
569 1093 654 1167 Kal.
669 1092 693 1165 J
696 1116 756 1164 an.
773 1090 796 1162 i.
809 1089 875 1162 fer.
888 1092 967 1163 lun.
981 1116 1047 1162 xx.
1077 1090 1148 1162 Vel
1160 1089 1222 1164 hie
1239 1090 1383 1165 Bellum
1394 1091 1600 1165 secundum
1615 1091 1835 1184 Grnnairet,

259 1221 298 1295 in
315 1246 390 1317 quo
409 1219 547 1292 cecidit
564 1217 677 1292 Fiaeh
694 1239 748 1286 mc
763 1212 972 1287 Fimzchodo
989 1217 1022 1285 ri
1040 1214 1214 1309 Loig‘hiu.
1273 1214 1405 1310 [Fiach
1421 1216 1519 1289 filius
1538 1215 1747 1291 Finuchadi
1765 1243 1836 1294 rex

263 1343 466 1440 Ingenia]
512 1340 646 1425 Eocha,
665 1337 766 1409 filius
781 1335 943 1432 Cairpre‚
960 1337 1083 1409 victor·
1100 1335 1186 1409 fuit.

259 1470 328 1546 fin.
348 1486 417 1543 tttt
433 1485 472 1549 tt
490 1473 527 1541 h·
556 1463 639 1537 Kal.
651 1462 675 1535 J
679 1487 738 1533 an.
752 1459 788 1532 ii.
803 1457 868 1531 fer.
882 1458 993 1531 lumi.
1022 1458 1115 1531 Solis
1126 1457 1295 1532 defectus
1310 1461 1489 1557 apparuit.
1514 1461 1630 1545 Quies
1645 1485 1699 1535 mc
1709 1462 1839 1539 Cuilia

259 1589 331 1687 Epi
346 1590 503 1663 Laeron.
521 1582 771 1682 Expugnacio
783 1581 890 1653 Duin
906 1580 977 1653 let
987 1582 1133 1677 glairse,
1164 1579 1290 1674 [hodie
1306 1581 1455 1675 Dorum]
1474 1584 1535 1656 vel
1547 1583 1609 1658 hie
1626 1586 1722 1661 Caro
1738 1589 1772 1660 T
1767 1590 1840 1662 ail-

260 1728 354 1788 teun.
407 1710 598 1804 [Praelium
612 1703 856 1796 Taltinense.]
881 1701 946 1798 (l)

259 1839 329 1916 flu·
348 1851 418 1913 rtet
433 1850 472 1915 tt
490 1832 541 1910 hi.
570 1826 814 1902 Kal.Jan.,iv.
829 1823 895 1898 fer.
913 1826 994 1899 lun.
1010 1827 1076 1898 xii.
1136 1826 1304 1902 Romane
1324 1829 1430 1906 Eccl.
1454 1832 1575 1906 xlviii.
1616 1835 1838 1913 Anastasius

256 1954 436 2034 Pontifex
461 1954 657 2029 ordinatus
674 1950 772 2023 vixit
791 1974 850 2022 an.
865 1949 1023 2023 duobus.
1047 1949 1109 2047 (2)
1153 1952 1327 2028 Moehobi
1347 1956 1557 2029 noendromo
1584 1957 1836 2052 [Mochoheus

258 2077 521 2171 Antrimensis]
555 2075 709 2174 quievit.
742 2072 908 2148 Cormaci
925 2072 1103 2170 Episcopi
1127 2073 1332 2150 Ardmachi
1361 2073 1505 2152 heredis
1536 2077 1692 2154 Patricii
1717 2083 1845 2178 quies..

258 2205 331 2282 Vel
348 2203 411 2278 hic
427 2202 566 2277 bellum
581 2197 790 2276 secundum
805 2195 1021 2272 Granairet.

257 2331 328 2409 aa.
346 2346 417 2403 tm
433 2345 472 2410 tt
490 2325 555 2402 uit
583 2322 761 2395 KahJan.
778 2347 812 2394 v.
830 2318 991 2394 feulun.
1010 2319 1117 2394 xxiii.
1172 2321 1244 2395 Vel
1274 2322 1338 2400 hic
1364 2324 1615 2426 Expugnacio
1645 2329 1753 2405 Duin
1784 2335 1836 2407 let

253 2452 390 2549 glaisse
409 2448 562 2544 [Doni]
611 2444 756 2518 Bellum
771 2444 953 2519 Ioannou·
967 2444 1098 2516 iecrich
1117 2442 1326 2543 Congablrla
1338 2445 1414 2548 sor
1427 2450 1597 2546 [trigarii.
1643 2453 1835 2547 [Praelium

258 2571 450 2652 Innimore
466 2571 505 2644 in
520 2568 672 2665 regione
689 2566 913 2666 Congabhla
931 2577 1071 2641 contra
1082 2567 1358 2667 Lagenienses‚]
1380 2573 1649 2649 Murceortach
1663 2598 1718 2650 me
1736 2575 1838 2651 Erec

256 2698 380 2773 vietor
394 2708 482 2771 erat.
536 2694 623 2767 Hoc
641 2717 751 2780 anno,
772 2691 905 2787 ingens
922 2701 1141 2763 terremotus
1158 2692 1356 2768 Ponticam
1377 2696 1569 2770 concussit
1583 2697 1837 2777 Provinciam.

258 2821 377 2905 Quies
395 2817 580 2892 Cuineado
598 2815 668 2911 Epi
683 2814 814 2899 Lusca,
839 2818 862 2850 “
876 2835 930 2883 mc
948 2812 1152 2888 Cathinoda
1169 2837 1224 2887 me
1241 2817 1401 2891 Cuilin.''
1430 2815 1497 2914 (8)

258 2945 328 3023 fin.
355 2957 424 3017 tut
441 2957 480 3022 tt
497 2936 576 3012 aiis
604 2933 687 3007 Kal.
703 2934 727 3007 J
731 2958 789 3006 an.
807 2929 856 3004 vi.
871 2931 936 3004 fer.
950 2933 1027 3007 lun.
1045 2934 1093 3004 iv.
1147 2934 1254 3007 Rom.
1272 2935 1439 3012 Ecclesie
1456 2940 1550 3014 xlix.
1569 2941 1736 3019 Simacus
1747 2943 1832 3044 Epa.

257 3065 381 3139 factus
395 3061 493 3135 vixit
508 3057 615 3136 annis
631 3082 693 3136 xv.
714 3054 780 3151 (4)
820 3052 965 3130 Bellum
996 3051 1138 3126 Slemna
1155 3055 1258 3127 Midi
1290 3057 1347 3129 ria
1366 3059 1522 3156 Caii-pre
1552 3086 1607 3136 mc
1638 3065 1748 3140 Neill
1759 3065 1840 3164 son

257 3186 408 3284 Laigni.
464 3179 655 3277 [Praeiium
673 3177 847 3256 Slaneuse
864 3175 905 3252 iu
919 3174 1041 3255 Midia
1059 3200 1082 3250 a
1112 3175 1275 3254 Carbreo
1292 3177 1370 3252 filio
1388 3178 1507 3257 Neilli
1534 3197 1683 3283 gestum
1702 3200 1840 3267 contra
1897 3178 1900 3184 ⁴

259 3302 540 3408 Lagenienses.]

258 3437 328 3514 att·
346 3448 415 3508 tttt
431 3447 472 3515 tt
487 3429 535 3512 it,
564 3424 652 3502 Kal..
662 3424 688 3500 J
689 3423 828 3503 amvii.
841 3422 905 3499 fer.
923 3425 1002 3498 iun.
1023 3423 1103 3498 xix.
1136 3423 1292 3502 Bellum.
1326 3425 1444 3512 Quies
1461 3427 1569 3504 Ibair
1587 3429 1667 3530 Epi.
1681 3431 1733 3507 ix.
1747 3431 1837 3509 Kal.

259 3555 365 3633 Maii.

257 3684 327 3761 flu.
343 3677 397 3758 w.
424 3677 507 3751 Kar.
524 3675 550 3751 J
551 3701 610 3749 an.
625 3674 661 3749 ii.
681 3672 745 3749 fer.
764 3675 841 3748 lun.
860 3672 966 3746 xxvi.
1006 3673 1079 3746 Vel
1095 3671 1159 3748 hic
1176 3699 1274 3748 mors
1290 3674 1370 3774 Epi.
1383 3676 1500 3752 Iboir.
1521 3677 1583 3775 (5)
1603 3679 1839 3754 TeimiBar·

258 3997 308 4071 (t)
332 3996 379 4052 De
389 3994 463 4051 Solis
487 3992 599 4049 defectu
622 3992 707 4066 hujus
720 3992 797 4061 anni,
822 4001 924 4051 nostras
944 4010 1008 4048 aerae
1027 3986 1098 4059 496.
1111 3990 1179 4048 vid.
1196 3992 1315 4052 Dissert.
1327 3994 1451 4053 Praeli'rn.
1466 4005 1496 4052 et
1506 3995 1586 4052 eAre
1598 3994 1631 4052 de
1643 3994 1678 4054 V.
1691 3996 1730 4054 les
1741 3996 1838 4056 data..

259 4095 307 4165 (2)
331 4096 350 4127 “
362 4087 582 4156 Anastasc.xlix
595 4088 682 4163 Papc,
693 4087 735 4144 hrt
748 4085 874 4143 ordonnh
886 4087 953 4143 l'an.
969 4082 1039 4154 496.
1054 4087 1074 4143 il
1086 4089 1265 4159 mouruudit
1281 4089 1435 4160 Muretori,
1447 4089 1512 4147 i'nn.
1527 4090 1615 4156 498.''
1641 4090 1684 4150 lh.
1699 4112 1729 4169 p.
1740 4099 1810 4154 238.

257 4192 301 4260 (3)
320 4186 392 4243 Cod.
405 4184 482 4240 Ciar.
496 4188 546 4250 49.
588 4182 701 4239 Dcsunt
714 4182 742 4238 in
756 4181 827 4238 Cod.
842 4181 933 4242 Bodl‘.
943 4183 1002 4238 haes
1013 4182 1124 4242 ultima.

256 4287 300 4356 (t)
314 4282 385 4339 Haec
399 4281 435 4337 de
451 4279 604 4354 Symmoco
618 4276 719 4334 desunt
732 4277 760 4332 in
775 4275 938 4335 Cod.,Clar.
951 4283 1008 4344 49.
1044 4277 1194 4333 Eteorum
1208 4277 1388 4351 iocol'egitur
1407 4281 1426 4311 ‘⁶
1440 4275 1543 4335 Bellum
1555 4279 1584 4337 in
1596 4298 1649 4357 quo
1669 4279 1738 4343 Moe
1758 4284 1832 4347 Erre

256 4380 346 4438 uictor
358 4383 429 4433 eret.
470 4372 662 4448 chronologia
675 4371 839 4448 Symmachi
856 4370 979 4446 genuina
994 4382 1046 4429 est.
1088 4371 1192 4427 Areae
1210 4370 1244 4429 V.
1258 4372 1296 4428 Iis
1309 4371 1397 4442 dhter,
1412 4382 1433 4430 t.
1447 4373 1466 4443 i,
1481 4393 1509 4449 p.
1520 4380 1589 4435 238.

261 4477 306 4545 (5)
327 4473 440 4529 Desunt
454 4467 663 4537 hademaro,
677 4479 706 4524 et
717 4487 781 4543 quae
795 4478 951 4543 sequuntur
962 4466 1128 4532 Hibernica.
1142 4465 1172 4522 in
1182 4466 1395 4526 Cod.Clarend.
1406 4475 1455 4536 49.
1491 4469 1538 4528 De
1546 4470 1576 4528 S.
1588 4469 1670 4529 ibari'
1679 4473 1827 4530 Monoste·

256 4570 299 4628 rio
309 4567 339 4625 in
350 4566 442 4624 insula
455 4565 515 4640 Beg
527 4563 596 4631 erin,
611 4564 735 4623 viavit.
748 4563 837 4640 antiq.
849 4563 879 4620 S.
890 4563 1014 4631 Abbani,
1030 4561 1123 4620 Ursae.
1138 4583 1166 4639 p.
1177 4566 1195 4625 7
1198 4569 1247 4636 94].
1291 4563 1336 4619 De
1357 4563 1464 4625 annulo
1478 4564 1554 4623 lbani
1568 4585 1586 4622 a
1610 4566 1757 4635 Praedone,
1779 4567 1838 4629 cui

258 4683 364 4723 nomen
385 4660 442 4718 Tor
454 4661 541 4729 hehe
565 4660 743 4718 Monasterio
763 4661 816 4717 isto
840 4659 946 4727 ablato,
980 4669 1010 4716 et
1028 4671 1126 4734 postea
1144 4659 1286 4728 restituto,
1311 4659 1441 4734 quadam
1460 4658 1639 4717 extantibid.
1653 4678 1681 4734 p.
1699 4656 1834 4720 1062-

257 4760 356 4817 Pauca
370 4757 404 4813 de
418 4759 519 4814 eodem
535 4756 618 4813 lbaro
629 4756 715 4813 habet
728 4755 831 4813 author
850 4766 977 4813 vetustus
989 4755 1064 4811 Vitae
1079 4754 1108 4812 S.
1124 4754 1252 4830 Brigidae,
1263 4773 1348 4830 quam
1363 4773 1400 4811 ex
1414 4753 1522 4810 Codice
1543 4753 1704 4811 venerando
1717 4754 1835 4815 Montis

257 4851 486 4923 cassinensium·
506 4869 544 4910 ex
567 4850 623 4911 ulio
638 4850 744 4912 Codice
757 4852 910 4922 Vaticano,
925 4851 1031 4911 editam
1042 4850 1181 4912 habemus
1194 4851 1223 4910 in
1236 4851 1350 4920 Triade,
1364 4869 1394 4926 p.
1406 4853 1475 4921 593,
1488 4864 1515 4907 c.
1525 4851 1573 4908 52.
1595 4848 1700 4911 Primis
1712 4850 1835 4914 Codicis

1048 4955 1073 5017 C
