4446 6000
618 575 1057 645 annonarrouns
1099 575 1173 638 an
1214 573 1333 638 sao.
1354 576 1486 639 vrrr.
1790 547 1887 663 147
1978 573 1981 581 ’

316 761 409 842 primo
423 762 487 820 Rex
501 757 645 818 caetea»
659 758 721 816 Nie
733 760 807 828 neit,
829 761 875 830 (1)
898 758 1006 815 seculo
1025 756 1108 815 tertio
1122 757 1186 815 Rex
1199 755 1315 815 Comae
1336 757 1469 834 epatu,
1487 759 1534 833 (2)
1558 766 1588 817 at
1605 760 1711 817 seculo
1730 768 1843 835 quarte,
1858 772 1888 819 et

315 866 426 943 quinto,
435 865 500 922 Rex
514 863 628 922 Nieller
641 863 705 920 aees'
724 862 855 938 gidieclr,
879 861 980 930 Acleii
997 860 1085 937 Regia
1105 881 1120 917 e
1141 860 1264 918 Curiana
1276 861 1413 919 Saronico
1429 864 1514 930 filius,
1539 864 1598 939 qui,
1614 864 1741 939 pluribus
1761 862 1888 938 Captivis

316 968 447 1026 abducas
456 986 493 1024 ex
506 967 614 1036 Gallia,
623 978 653 1024 et
663 967 819 1034 Britannia,
828 967 903 1024 inter
913 985 984 1041 quos
999 965 1144 1022 eminebat
1153 965 1181 1022 S.
1192 967 1343 1034 Patricius,
1358 968 1403 1038 (8)
1413 968 1537 1034 demum,
1550 966 1626 1024 ultra
1638 984 1712 1022 mere
1720 964 1833 1036 Ictum,
1841 968 1888 1038 (4)

314 1071 351 1129 ad
362 1069 468 1147 Ligeris
481 1071 573 1148 ripam
582 1070 748 1129 interiectus
760 1069 924 1139 occubuit,’'
938 1069 990 1135 uti,
1006 1088 1042 1126 ex
1055 1069 1173 1125 vetustis
1187 1069 1350 1137 Codicibus,
1364 1069 1481 1126 tradunt
1490 1070 1532 1125 IV
1538 1067 1677 1145 Magistri
1690 1068 1726 1124 ad
1741 1086 1806 1126 ann.
1818 1073 1889 1127 405.

313 1178 375 1216 -“
388 1172 474 1233 Niett
490 1174 554 1232 rreei
565 1172 698 1250 gielleol,
716 1191 776 1230 arec
797 1171 926 1231 Betiecl
938 1171 1155 1247 Meigaaedbot'n,
1178 1172 1213 1229 de
1234 1160 1384 1229 mleirle
1407 1172 1488 1229 beeck
1507 1191 1568 1228 mec
1589 1171 1670 1227 Euae
1683 1167 1761 1227 Cend
1770 1170 1888 1228 emlleclt

314 1274 565 1337 eceMeretecu!
1159 1295 1164 1304 ·

354 1379 485 1440 Ulterius
497 1379 527 1436 in
540 1378 582 1436 his
592 1377 801 1436 immorandum
814 1396 873 1434 esse
887 1396 943 1434 non
958 1395 1070 1447 censeo,
1083 1395 1176 1453 neque
1195 1378 1272 1434 enirn
1293 1376 1384 1434 multa
1396 1377 1432 1433 de
1444 1386 1571 1433 veterum
1584 1374 1695 1450 scriptis
1709 1373 1744 1431 ad
1758 1393 1809 1430 nes
1822 1393 1886 1451 per·

315 1490 463 1552 venerunt,
477 1500 568 1557 neque
579 1481 609 1539 in
622 1483 655 1539 iis
663 1499 727 1557 quae
739 1491 902 1556 supersunt,
916 1500 960 1538 res
972 1480 1120 1537 maritimae
1133 1480 1185 1538 nisi
1200 1480 1300 1549 obiter,
1311 1491 1340 1538 et
1353 1479 1383 1535 in
1396 1479 1516 1536 transitu
1525 1488 1727 1535 memorantur.
1762 1476 1889 1534 Sufficiat

314 1585 338 1644 si
351 1586 388 1642 ab
401 1585 503 1643 ultima
512 1585 682 1660 antiquitate
694 1594 790 1641 vetera
808 1585 975 1658 repetendo,
987 1584 1116 1658 quadam
1130 1584 1217 1640 veluti
1226 1584 1393 1658 fragmenta,
1405 1590 1545 1639 vetustate
1558 1583 1670 1646 obruta,
1683 1580 1885 1649 renovaverim,

313 1690 417 1766 quibus
432 1688 581 1746 Doctiores
595 1688 630 1744 ad
643 1698 747 1743 caetera
756 1685 894 1761 paulatim
907 1687 1033 1743 eruenda
1047 1685 1228 1743 inducantur.
1271 1685 1359 1752 Quod
1378 1685 1444 1742 siin
1457 1684 1601 1741 erroribus
1611 1681 1780 1751 refellendis,
1795 1683 1840 1740 vel
1859 1683 1888 1738 in

315 1791 485 1867 castigandis
499 1790 666 1849 falsitatibus
675 1800 704 1849 et
718 1789 872 1848 mendaciis
886 1799 994 1863 tempus
1005 1798 1134 1857 tererem,
1162 1787 1236 1845 latus
1249 1788 1365 1863 quidem
1379 1805 1497 1862 campus
1510 1798 1630 1862 pateret,
1643 1787 1672 1844 in
1688 1805 1746 1862 que
1760 1788 1811 1844 viri
1824 1805 1889 1844 eru·

316 1895 368 1953 diti
383 1903 505 1971 possent,
524 1913 581 1951 non
593 1895 653 1952 siue
671 1894 755 1952 laude
768 1904 797 1950 et
812 1892 898 1970 gloria
915 1909 1077 1949 excurrere.
1119 1893 1160 1948 At
1179 1891 1239 1966 ipse
1251 1890 1392 1947 erroribus
1406 1889 1557 1957 obnoxius,
1570 1889 1657 1946 satius
1670 1890 1750 1958 duxi,
1769 1889 1889 1946 aliorum

315 1998 442 2074 peccatis
456 1998 610 2075 ignoscere,
622 2016 656 2053 ne
668 1996 698 2055 in
716 1997 828 2072 judicio
846 1996 907 2056 sisti
923 1994 1110 2070 contingeret,
1122 2012 1157 2052 ac
1170 1996 1270 2052 eadem
1285 2011 1417 2052 mensura
1429 2011 1486 2069 qua
1504 2012 1617 2050 mensus
1632 1994 1743 2052 sueram
1764 1993 1892 2051 mihimet

315 2099 472 2158 metiretur.

374 2205 451 2263 Illud
480 2215 586 2274 tamen,
613 2205 643 2262 in
669 2212 750 2262 tanta
783 2204 818 2260 de
851 2206 935 2263 rebus
960 2202 1062 2261 uostris
1089 2200 1248 2272 maritimis,
1267 2209 1395 2260 veterum
1418 2202 1595 2278 Scriptorum
1615 2202 1743 2280 penuria,
1779 2222 1893 2280 nequeo

317 2308 656 2384 praeterire-Saldenum
677 2325 781 2375 errase,
808 2305 856 2362 ubi
879 2305 968 2364 Solini
992 2307 1028 2362 de
1056 2303 1189 2362 Hibernis
1213 2302 1408 2361 testimonium
1429 2306 1647 2363 vetustissimum
1686 2309 1731 2378 ad¹
1742 2307 1893 2365 Britannos

317 2411 486 2486 detorquere
506 2418 636 2469 cenatur.
677 2408 766 2466 Solini
788 2409 875 2466 rerba
901 2411 1030 2465 sunt-‘⁶
1045 2405 1105 2474 Qui
1125 2406 1239 2464 student
1261 2405 1362 2476 cultui,
1385 2406 1517 2466 dentibus
1538 2409 1610 2464 rnari
1633 2409 1761 2466 nantium
1791 2411 1891 2467 Bellu-

317 2533 401 2574 arum
426 2515 580 2591 insigniunt
603 2513 713 2573 ensium
736 2513 864 2589 capulos,
886 2511 1040 2569 candicant
1067 2509 1143 2568 enim
1166 2512 1202 2568 ad
1228 2512 1381 2568 ehurneam
1404 2510 1574 2578 claritatem,
1592 2528 1658 2567 narn
1673 2511 1812 2586 precipue
1825 2513 1894 2569 viria

316 2616 411 2694 glorie
425 2624 467 2673 ert
479 2616 507 2672 ie
519 2614 643 2674 Armie.''
663 2614 791 2686 (5)-Ex
804 2614 847 2671 bis
861 2615 952 2672 verbis
978 2613 1127 2683 Seldeuus,
1150 2613 1326 2691 frequentem
1346 2613 1547 2672 Britannorum
1559 2613 1588 2671 in
1602 2613 1720 2671 Oceano
1732 2615 1894 2690 piscationis

318 2739 413 2790 usum,
439 2719 526 2778 etiarn
545 2728 607 2776 tum
619 2717 771 2774 invaluisse
780 2717 923 2786 declarat,
936 2718 995 2773 sinc
1009 2735 1076 2792 quo,
1088 2717 1201 2775 ornatui
1219 2716 1273 2774 isto
1287 2716 1409 2785 endum,
1423 2718 1500 2794 apud
1514 2725 1629 2793 gentem
1642 2716 1894 2789 bellicosissimam,

319 2821 449 2879 materies
473 2820 589 2877 minime
611 2818 760 2874 sufficeret.
818 2819 884 2874 Non
905 2838 1001 2878 moror
1021 2818 1164 2894 equidem,
1191 2818 1346 2876 dummodo
1364 2819 1454 2876 Solini
1476 2822 1563 2877 verba
1588 2820 1625 2876 ad
1651 2819 1827 2890 Hiberniam,
1861 2829 1895 2878 ut

319 2922 464 2980 Historica
479 2921 549 2977 fides
562 2919 697 2996 postulat,
712 2920 771 2975 sine
784 2917 850 2977 luco
860 2920 1028 2978 reserantur.
1050 2921 1186 2977 “Multis
1200 2920 1311 2987 lnsulis,
1331 2921 1434 2998 inquit,
1453 2941 1505 2979 nec
1517 2924 1686 2998 ignobilibus
1700 2924 1895 2981 circumdatur

318 3030 338 3060 ⁴‘
352 3022 664 3101 [Britannia,]quarum
674 3021 811 3078 Hibernia
820 3025 845 3079 ei
855 3023 998 3098 proximat
1008 3021 1209 3098 magnitudine.
1231 3022 1391 3080 Inhumana
1401 3033 1453 3093 est,
1463 3024 1518 3081 ritu
1528 3025 1690 3082 lucelarum
1701 3043 1810 3099 aspero,
1824 3026 1893 3083 alias

318 3132 338 3162 ‘⁶
353 3129 394 3185 ita
406 3127 556 3203 pabulosa,
569 3134 602 3184 ut
615 3142 729 3201 pecora,
742 3125 794 3182 nisi
807 3126 949 3183 interdum
964 3145 981 3182 a
995 3126 1107 3202 pascuis
1117 3135 1280 3194 arceantur,
1301 3128 1331 3186 in
1340 3130 1501 3204 periculum
1511 3140 1575 3205 agat
1585 3130 1677 3189 satias.
1732 3129 1795 3185 Illic
1806 3129 1895 3186 eutius

319 3236 339 3266 ‘⁴
350 3230 523 3307 engois,avis
538 3247 611 3297 rara,
622 3248 688 3304 gens
698 3229 885 3305 inhospita,et
897 3231 1040 3288 bellicosa.
1064 3230 1205 3307 Sanguine
1216 3230 1451 3310 interemptorum
1462 3233 1574 3302 hausto,
1582 3233 1659 3309 prius
1669 3233 1896 3291 victoreavultus

319 3341 340 3369 ‘⁴
355 3354 420 3393 suos
430 3334 569 3391 oblinunt.
592 3332 644 3388 Pas
657 3350 692 3389 ac
707 3330 783 3389 naias
797 3336 896 3391 eodem
906 3334 1001 3392 animo
1015 3334 1135 3395 ducunt.
1155 3336 1298 3412 Puerpera
1310 3335 1332 3393 si
1344 3336 1459 3411 quando
1472 3353 1578 3393 marem
1587 3334 1687 3404 edidit,
1700 3335 1895 3411 primescibos

319 3441 340 3474 ‘⁶
353 3439 447 3516 gladio
460 3436 581 3511 imponit
593 3434 697 3503 mariti,
709 3435 795 3511 inque
808 3455 840 3492 es
854 3436 975 3512 parvuli,
988 3456 1100 3495 summe
1114 3457 1251 3498 mucrone
1265 3439 1424 3516 auspicium
1436 3438 1637 3496 alimentorum
1650 3437 1752 3496 leviter
1761 3438 1855 3509 insert,
1866 3452 1895 3497 et

319 3546 340 3576 ⁴⁴
361 3541 514 3618 gentilibus
527 3539 598 3596 votis
612 3549 703 3614 optat,
718 3557 768 3595 nec
783 3537 865 3595 aliter
878 3558 962 3616 quam
976 3540 1006 3596 in
1020 3540 1104 3612 bello,
1131 3551 1162 3600 et
1187 3542 1261 3600 inter
1287 3561 1367 3602 arma
1390 3553 1511 3600 mertem
1523 3551 1649 3619 appetat.
1699 3541 1757 3610 Qui
1779 3543 1894 3601 student

317 3647 338 3677 ‘⁴
360 3644 466 3712 cului,’'
479 3643 689 3700 &c.--}laec
700 3662 776 3710 sane,
798 3642 819 3698 si
834 3643 930 3700 omnia
941 3662 1009 3701 vera
1021 3655 1096 3712 sunt,
1110 3644 1163 3701 etsi
1176 3646 1330 3722 respiciant
1339 3643 1480 3712 Etlnicee,
1492 3663 1592 3720 parum
1607 3645 1756 3704 conserunt
1769 3646 1894 3716 honoris,

319 3746 378 3803 aive
391 3746 427 3801 ad
443 3746 620 3812 Hiberniam,
634 3746 691 3800 sive
704 3747 740 3801 ad
755 3745 932 3802 Britanniam
946 3748 1113 3805 reserantur.
1143 3748 1198 3805 Sed
1212 3757 1289 3806 vetat
1302 3747 1403 3824 pudor,
1418 3746 1541 3822 fidasque
1556 3748 1586 3803 in
1595 3749 1749 3805 tractandis
1763 3749 1894 3823 religiose

319 3857 446 3903 veterum
460 3847 547 3915 libris,
562 3866 596 3903 ne
610 3845 678 3921 quid
691 3848 728 3901 ab
742 3847 865 3904 auctoris
875 3866 960 3904 sensu
970 3858 1077 3905 temere
1089 3850 1299 3924 detorqueatur.
1339 3849 1380 3907 Ut
1389 3858 1486 3906 autem
1498 3850 1535 3906 ad
1551 3849 1716 3908 Hiberniam
1727 3849 1894 3914 reserantur.

321 3949 446 4028 postulat
459 3957 535 4004 totus
549 3955 709 4016 contextus,
721 3966 822 4005 nomen
836 3947 927 4024 ipsum
942 3947 1077 4007 Hibernia
1086 3950 1193 4022 lamio,
1203 3954 1288 4011 verba
1299 3953 1389 4012 nullus
1399 3953 1517 4029 Anguis,
1529 3965 1558 4011 et
1568 3970 1630 4029 quae
1643 3951 1678 4008 de
1691 3953 1803 4027 pascuis
1814 3953 1896 4013 dicta«

338 4242 383 4306 (1)
399 4243 466 4292 Infra
476 4243 507 4289 de
527 4257 570 4288 esu
581 4240 707 4292 Cunnum,
719 4254 774 4303 pag.
783 4241 840 4287 151.
966 4240 1010 4306 (t)
1024 4243 1089 4293 Vide
1101 4259 1181 4306 supra,
1192 4259 1247 4306 pag.
1261 4245 1316 4292 14⁵.

337 4322 515 4389 (3)1taomnes
525 4319 702 4384 Antiquissima
713 4319 776 4368 Vitas
785 4319 809 4367 S.
820 4316 916 4367 Patrieii
927 4322 992 4384 apud
1005 4321 1081 4372 Ursae.
1093 4322 1210 4371 Primord.
1223 4338 1248 4387 p.
1259 4326 1316 4377 887,
1325 4323 1383 4380 598,
1395 4324 1451 4380 815,
1462 4326 1520 4380 818,
1531 4338 1586 4388 qua
1595 4332 1756 4377 memorantur
1765 4325 1857 4375 Saeulo
1868 4342 1890 4381 r,

339 4418 356 4450 a
366 4403 453 4458 Probo,
464 4409 489 4450 et
500 4401 540 4456 aii,
551 4416 566 4449 a
583 4399 704 4456 Joeeline,
717 4407 743 4447 et
754 4399 870 4449 Patricius
880 4399 931 4463 ipae
943 4399 968 4448 id
979 4400 1057 4448 innuit
1068 4401 1094 4450 in
1103 4401 1187 4450 libelle
1198 4402 1382 4455 consessionem.

340 4481 386 4545 (1)
403 4483 473 4530 Mare
482 4482 546 4544 qnod
557 4478 660 4528 Galbam
669 4490 764 4542 separat
774 4496 789 4529 a
799 4480 924 4529 Britannia
933 4481 1068 4545 appellatur
1078 4482 1109 4530 ab
1120 4482 1233 4532 Hibernia
1245 4481 1380 4540 itureae
1391 4483 1461 4539 Mare
1473 4483 1566 4535 latiora.
1599 4484 1639 4535 lta
1649 4485 1721 4533 ruer
1741 4484 1766 4531 iu
1778 4482 1891 4532 Peumata

340 4559 470 4610 Hiberniae
477 4560 562 4610 Saeuli
571 4559 608 4608 Vl
618 4560 684 4607 edito
695 4576 710 4607 a
720 4560 836 4624 Celgane‚
847 4571 872 4608 at
882 4562 948 4625 apud
958 4560 1038 4611 Usaer.
1046 4561 1163 4612 Primord.
1170 4579 1194 4628 p.
1202 4566 1260 4622 823,
1276 4564 1333 4614 hine
1350 4572 1431 4631 portus
1451 4565 1535 4628 letitia,
1544 4565 1673 4615 ¹D'Aueille
1683 4563 1771 4611 Netiea
1781 4562 1813 4610 de
1824 4560 1892 4613 l’Aa-

340 4639 427 4688 cienne
438 4641 525 4695 Gaulo,
536 4656 590 4702 pag.
600 4643 657 4695 888,
669 4651 695 4688 et
705 4640 767 4690 Cres.
777 4643 809 4689 de
821 4641 876 4690 Bal.
888 4640 944 4689 Gal.
952 4643 970 4690 l.
982 4643 1007 4697 ⁵,
1019 4658 1042 4691 e.
1052 4647 1076 4699 t,
1089 4646 1113 4692 8.

342 4719 387 4783 (5)
404 4720 477 4766 Setini
492 4718 628 4782 Polybistor
646 4720 705 4768 edit.
716 4719 833 4784 Saluuii,
840 4719 945 4787 Trajecti
956 4722 989 4771 ad
1008 4721 1122 4773 Rhenum
1132 4723 1175 4775 iol.
1189 4726 1264 4781 1689,
1272 4734 1297 4776 at
1304 4723 1369 4792 apud
1381 4724 1465 4774 Srldea
1472 4723 1544 4773 Mara
1555 4721 1667 4771 Clausum
1678 4720 1694 4770 l.
1704 4724 1728 4776 2,
1740 4735 1763 4770 c.
1772 4725 1796 4778 t,
1808 4721 1854 4770 rol.
1864 4726 1889 4772 1.

342 4807 362 4848 t.
374 4803 398 4857 t,
407 4799 466 4847 edit.
478 4797 556 4846 Loud.
568 4802 639 4857 1786,
650 4815 706 4865 pag·
719 4803 790 4850 1284.

994 4879 1018 4929 U
1030 4884 1046 4929 2
