4446 6000
746 570 1011 637 unnxuns
1045 570 1447 636 unronrnnsus.
1781 554 1886 664 327

304 748 449 823 occisus
481 747 527 822 ab
550 746 803 826 O'Challadiis
837 750 975 823 dolose.
1049 744 1249 821 Exercitus
1273 770 1361 820 curn
1393 746 1582 846 Argialliis
1606 750 1881 850 Tirconallism,

311 869 432 944 donec
447 871 486 944 in
519 871 650 971 fugam
684 886 875 949 verterunt
905 869 1098 945 Conallios
1133 867 1172 941 in
1208 893 1339 967 campo
1368 869 1649 949 Dachainnech.
1687 874 1886 956 Exercitus

304 1019 389 1067 cum
406 995 590 1072 O’Neillis
615 998 655 1073 in
673 1001 863 1099 regionem
882 993 1095 1071 Eachorum
1117 990 1293 1081 Ultoniae,
1328 991 1448 1068 donec
1478 995 1712 1074 abstulerunt
1742 1001 1883 1099 praedas

301 1117 484 1216 ingentes.
515 1121 650 1196 Gildas
670 1121 830 1219 Comgal
860 1119 959 1194 filius
975 1113 1179 1190 Duncuani
1199 1113 1266 1188 filii
1284 1116 1481 1219 Dunlangi
1500 1134 1631 1218 captus
1650 1121 1691 1197 in
1711 1123 1884 1205 Kildaria

300 1265 366 1339 per
380 1243 467 1335 vim,
488 1256 527 1318 et
543 1246 691 1320 occisus
709 1242 864 1346 posteo]

303 1366 373 1441 Ru·
390 1370 429 1458 O
444 1366 536 1447 1111.
565 1367 624 1440 Kl.
643 1368 666 1442 J
670 1394 730 1441 an.
747 1367 795 1441 vi.
809 1367 873 1441 fer.
893 1366 985 1439 Lun.
1006 1390 1040 1439 v.
1062 1363 1161 1439 Fern
1179 1389 1256 1438 mor
1272 1364 1431 1438 Moodoc
1446 1368 1487 1440 do
1502 1368 1644 1442 Ioscodh
1659 1369 1694 1442 lo
1711 1369 1890 1449 Donnck'..

303 1512 359 1560 mc
373 1513 407 1560 m
422 1472 567 1564 Brioin.
596 1489 817 1566 Glennuisr'n
845 1492 888 1563 do
917 1488 1061 1563 lorado
1083 1490 1126 1562 do
1151 1511 1229 1561 mac
1247 1488 1487 1579 Mailnomb'o,
1515 1503 1539 1570 7
1559 1493 1597 1564 in
1631 1492 1820 1570 Doirtoclr
1838 1499 1891 1572 do*

303 1611 474 1703 brisuidlr,
494 1622 518 1693 7
535 1637 563 1686 c.
595 1614 703 1687 duinc
720 1613 901 1701 domorbh‚
923 1623 946 1693 7
967 1611 1020 1685 iiii
1038 1636 1067 1685 c.
1087 1612 1131 1684 do
1149 1611 1269 1684 breitlr·
1285 1611 1378 1701 cisti,
1416 1612 1597 1710 indignae!
1623 1613 1746 1691 Ferrro
1773 1641 1889 1694 more..
1917 1680 1920 1686 .

302 1734 506 1830 Loingseck
525 1735 623 1809 Com.
643 1736 797 1811 Ciaroin
814 1746 837 1815 7
854 1734 1002 1809 Cronon
1021 1760 1054 1830 q.
1099 1734 1204 1808 Aeris
1220 1759 1300 1808 mac
1316 1736 1447 1810 Indab.
1467 1739 1546 1810 doec
1562 1737 1773 1836 &Corcoiglr
1787 1742 1881 1817 mois·

302 1858 474 1931 Mumun.
495 1858 649 1933 Murclr.
670 1883 726 1932 mc
741 1858 942 1954 Durrloing
970 1859 1007 1930 ri
1022 1858 1156 1953 Laiog,
1184 1870 1207 1937 7
1225 1857 1384 1931 Domlm.
1405 1883 1450 1932 m.
1471 1860 1574 1933 Aedo
1592 1862 1629 1934 ri
1645 1860 1678 1934 h.
1700 1849 1890 1954 Borrclre,
1960 1921 1964 1927 .

302 1982 345 2052 do
364 1980 511 2054 thuitim
527 1985 565 2056 lo
583 1981 763 2079 Gillopot.
782 2006 827 2054 m.
846 2007 871 2054 n
886 1981 1071 2056 Donnclzo
1091 1983 1126 2054 ri
1143 1981 1333 2078 Osraiglri,
1352 1992 1375 2060 7
1396 1983 1433 2052 ra
1451 2006 1530 2055 mac
1548 1983 1666 2058 naith
1691 1985 1725 2056 Ιι.
1746 1983 1886 2061 Dono·

301 2104 369 2178 cira
386 2104 422 2179 ri
436 2106 690 2202 Eogunoclrto.
745 2104 865 2179 Flauo
890 2129 969 2178 mac
999 2103 1213 2178 Muclrechl.
1233 2105 1395 2177 ridomna
1412 2103 1493 2177 Εν..
1510 2106 1665 2180 domarb.
1697 2109 1773 2181 trio
1786 2109 1882 2182 mire·

301 2226 409 2301 blrail.
465 2229 695 2325 Moelpetoir
722 2229 756 2298 11.
775 2223 1046 2322 erileconser
1071 2226 1247 2319 leignon,
1274 2237 1298 2306 7
1318 2227 1475 2299 toiseach
1500 2251 1544 2300 m.
1563 2228 1748 2324 Leiglrinn
1765 2230 1881 2307 Αἰνά-

300 2351 437 2437 macha,
456 2349 629 2422 domorblr
648 2349 690 2421 do
703 2344 826 2439 seroib
844 2345 1116 2441 Ferrzmlmiglri.
1148 2348 1239 2419 Am.
1259 2346 1486 2418 Mucrromlro
1503 2338 1593 2420 cemr
1607 2349 1776 2423 Marraclr
1794 2377 1843 2425 no
1857 2377 1888 2427 n.

301 2471 478 2559 Goediuik
500 2471 539 2543 in
559 2469 717 2543 Colonia
735 2495 768 2565 q.
803 2469 937 2563 [Ferna
951 2491 1090 2564 magna
1104 2466 1280 2541 Moedoci
1296 2465 1491 2540 combusta
1508 2491 1530 2540 a
1549 2467 1788 2544 Donnchado
1803 2471 1882 2548 filio

302 2594 437 2668 Briani.
493 2591 721 2666 Glennuisin
741 2590 938 2665 combusta
961 2589 1073 2664 afilio
1094 2588 1336 2679 Maelnaurbi,
1359 2602 1398 2664 et
1425 2589 1673 2665 Noscomium
1693 2592 1772 2691 ejus
1789 2619 1882 2688 con„

300 2717 475 2807 fractum,
492 2728 531 2791 et
556 2725 626 2790 100
655 2713 823 2789 homines
856 2711 981 2803 occisi,
1011 2724 1051 2787 et
1071 2720 1146 2789 400
1180 2713 1277 2810 rapti
1307 2712 1395 2786 inde
1414 2712 1564 2810 captivi,
1597 2714 1638 2788 in
1670 2715 1880 2795 vindictam

301 2841 428 2915 Fernae
460 2864 616 2939 magnae.
673 2835 873 2936 Longsech
904 2836 1078 2910 Vicarius
1110 2834 1263 2909 Ciarani
1297 2845 1336 2909 et
1367 2834 1531 2910 Cronani
1564 2838 1717 2933 quievit.
1771 2841 1881 2920 Aedh

301 2965 399 3037 filius
416 2963 589 3036 Indabari
607 2960 701 3034 obiit
715 2961 752 3032 in
774 2959 960 3056 Corcagia
973 2983 1110 3056 magna
1125 2957 1340 3033 Momoniae.
1394 2957 1558 3032 Murcha
1572 2960 1669 3035 filius
1684 2961 1881 3065 Dunlangi

300 3111 367 3161 rex
383 3086 565 3184 Lageniae,
586 3098 625 3158 et
640 3081 837 3157 Donaldus
863 3082 961 3155 filius
992 3081 1117 3155 Aedhi
1141 3082 1224 3155 Rex
1243 3079 1508 3156 Barrcheorum
1526 3082 1746 3159 ceciderunt
1763 3083 1880 3161 occisi

301 3234 322 3280 a
338 3206 637 3281 Gilda-Patricio
655 3205 732 3278 filio
750 3202 979 3278 Donnchadi
996 3203 1099 3301 Rege
1118 3203 1288 3294 Ossorizn,
1309 3218 1346 3277 et
1364 3229 1384 3276 a
1402 3204 1480 3278 filio
1501 3204 1614 3279 Rathi
1640 3205 1880 3291 O'Donncho

299 3332 402 3429 Rege
421 3329 683 3429 Eoganachtae.
739 3328 830 3402 Flan
858 3329 956 3403 filius
984 3327 1280 3403 Maelsechlanni
1312 3327 1461 3404 futurus
1489 3328 1572 3401 Rex
1593 3328 1783 3405 Hiberniae
1812 3355 1877 3405 oc·

298 3456 397 3530 cisus
428 3480 491 3554 per
527 3455 665 3527 dolum.
696 3451 923 3550 Maelpetrus
942 3449 1413 3542 0·hA1ecanPraelect0r‚
1448 3462 1487 3525 et
1501 3452 1595 3526 Dux
1614 3452 1879 3531 Praelectorum

298 3578 528 3666 Ardmachae‚
548 3546 695 3651 occisus
709 3600 731 3649 a
746 3574 1090 3672 Fernmoyeusibus.
1145 3575 1281 3650 Alillus
1306 3574 1543 3651 Mucnomha
1561 3587 1675 3675 caput
1693 3555 1880 3653 Monachf·

299 3727 402 3774 orum
422 3699 709 3774 Hibemeusium
728 3696 768 3769 in
787 3696 957 3785 Colonia,
979 3695 1150 3791 quievit]
1164 3696 1224 3792 (1)

301 4011 347 4081 (1)
367 4008 516 4066 Marianus
525 4006 634 4071 Scarus,
649 4014 728 4073 etex
743 4023 777 4061 eo
790 4004 954 4073 Florentius,
976 4004 1012 4061 ad
1026 4024 1133 4062 annum
1147 4004 1235 4075 hunc,
1259 4007 1340 4082 plura
1353 4002 1462 4062 habent
1486 4006 1521 4062 dc
1534 4004 1707 4063 Anmchsdo
1726 4007 1876 4067 Mouucho

302 4107 478 4164 Hibernense
496 4102 608 4160 incluso
623 4099 731 4166 Fuldae,
746 4117 786 4155 ex
803 4100 907 4174 quibus
920 4111 1001 4174 putet
1023 4098 1225 4176 Tigernachm
1248 4101 1384 4158 Mariano
1404 4101 1543 4159 seniorem
1563 4102 1659 4171 fuisse,
1673 4107 1692 4136 “
1702 4102 1768 4161 Hoc
1780 4113 1874 4164 osteor

171 4268 174 4274 ¹
300 4201 406 4278 (inquit
418 4200 578 4267 Marianus)
592 4201 612 4229 “
625 4195 693 4252 mihi
708 4194 803 4252 retulit
821 4194 977 4270 Tigerrrocle
989 4195 1079 4252 senior
1091 4195 1192 4254 meur?
1232 4195 1513 4272 vidossxcerpuex
1537 4195 1666 4255 Marios·
1678 4197 1833 4274 Chronico,
1846 4200 1876 4263 io

299 4297 401 4355 Annei.
418 4294 515 4351 Ultor.
530 4291 707 4369 Appendice‚
717 4300 746 4348 et
757 4290 854 4351 consor
865 4289 988 4348 Floreat.
1003 4291 1040 4348 nd
1054 4297 1221 4361 anulo-13,
1236 4311 1264 4368 p.
1277 4287 1348 4349 624.

354 4393 401 4449 De
423 4388 602 4447 Monasrerio
627 4387 815 4443 Hibernorurn
842 4385 970 4443 Coloniae
992 4386 1077 4462 plura
1099 4388 1186 4445 tradit
1209 4387 1367 4445 Florentius
1394 4387 1596 4463 wigorniensis
1621 4387 1658 4446 od
1679 4395 1881 4463 annos1003„

301 4483 388 4556 1036,
411 4497 440 4543 ot
462 4492 549 4553 1042,
570 4481 789 4560 quoinquit-“
803 4481 902 4539 Helias
921 4482 1036 4552 Scotus,
1059 4484 1156 4539 Abbos
1168 4482 1332 4553 (Scotorum
1352 4482 1382 4540 in
1395 4481 1530 4558 Colonia)
1556 4484 1629 4542 obiit
1655 4486 1781 4542 secundo
1807 4484 1875 4547 ldus

299 4588 318 4615 ‘⁶
333 4581 450 4657 Aprilis,
463 4581 517 4638 Vir
527 4567 703 4658 prudens,'et
714 4576 868 4654 religiosus,
881 4587 911 4636 et
923 4575 988 4636 ideo
1004 4565 1212 4641 Monasteriurir
1228 4578 1257 4637 S.
1270 4576 1454 4637 pantaleonis
1475 4596 1542 4637 curn
1566 4598 1628 4647 suo,
1654 4578 1683 4635 id
1698 4588 1741 4638 est
1754 4577 1877 4644 &Mun

299 4682 318 4710 ‘⁶
331 4677 392 4744 tini,
404 4676 455 4732 sibi
470 4675 652 4733 commissum
667 4687 711 4732 est
722 4673 883 4750 regendum.
925 4674 989 4750 Ipse
1004 4673 1143 4750 optimum
1158 4672 1318 4743 missalem,
1331 4673 1438 4733 librum
1453 4673 1592 4733 Monachi
1614 4673 1726 4745 Franci,
1752 4674 1813 4735 siue
1837 4672 1872 4735 li-

298 4779 317 4806 “
332 4771 425 4829 centia
440 4770 467 4826 in
482 4790 632 4827 commune
643 4769 790 4846 scripturn,
806 4771 834 4827 in
850 4769 1026 4826 Monosterio
1040 4769 1070 4828 S.
1089 4768 1270 4827 Pantaleonis
1280 4767 1343 4844 igne
1354 4769 1539 4844 consumpsit,
1568 4787 1603 4825 ne
1620 4767 1693 4826 alius
1715 4770 1872 4849 quidquam

298 4876 318 4904 “
332 4868 392 4925 sine
406 4865 521 4922 licentia
531 4864 625 4923 iacere
638 4865 783 4922 auderet.''
824 4863 1152 4923 Florent.ed.1⁴'rnncof.
1167 4860 1254 4933 1601,
1276 4884 1305 4939 p.
1314 4858 1384 4922 624.
1425 4861 1532 4920 Confer
1551 4873 1612 4922 not.
1628 4882 1716 4940 supra
1741 4865 1779 4924 ad
1805 4885 1885 4928 uun..

301 4969 388 5033 1007,
399 4972 429 5020 et
443 4961 590 5036 Excerpts
603 4978 639 5017 ex
653 4959 759 5017 Codice
769 4959 943 5019 cottoniano
959 4959 1084 5017 Mariani
1099 4959 1189 5030 Scoti,
1203 4958 1231 5017 in
1245 4957 1396 5016 Annalium
1411 4956 1508 5017 Ultou.
1522 4957 1706 5036 Appendice.
