<?xml version="1.0" encoding="UTF-8"?>
<!DOCTYPE html PUBLIC "-//W3C//DTD XHTML 1.0 Transitional//EN"
    "http://www.w3.org/TR/xhtml1/DTD/xhtml1-transitional.dtd">
<html xmlns="http://www.w3.org/1999/xhtml" xml:lang="en" lang="en">
 <head>
  <title>
</title>
<meta http-equiv="Content-Type" content="text/html;charset=utf-8" />
  <meta name='ocr-system' content='tesseract 3.04.00' />
  <meta name='ocr-capabilities' content='ocr_page ocr_carea ocr_par ocr_line ocrx_word'/>
</head>
<body>
  <div class='ocr_page' id='page_1' title='image "./rerumhibernicar00tigegoog_0118.png"; bbox 0 0 4446 6000; ppageno 0'>
   <div class='ocr_carea' id='block_1_1' title="bbox 738 499 1888 594">
    <p class='ocr_par' dir='ltr' id='par_1_1' title="bbox 738 499 1888 594">
     <span class='ocr_line' id='line_1_1' title="bbox 738 499 1888 594; baseline 0 -2"><span class='ocrx_word' id='word_1_1' title='bbox 738 526 997 594; x_wconf 72' lang='lat' dir='ltr'>numanus</span> <span class='ocrx_word' id='word_1_2' title='bbox 1039 524 1442 592; x_wconf 78' lang='lat' dir='ltr'>nnnoumnsns.</span> <span class='ocrx_word' id='word_1_3' title='bbox 1748 499 1888 593; x_wconf 81' lang='grc'>’105</span> 
     </span>
    </p>
   </div>
   <div class='ocr_carea' id='block_1_2' title="bbox 258 687 1960 2773">
    <p class='ocr_par' dir='ltr' id='par_1_2' title="bbox 312 687 1896 1538">
     <span class='ocr_line' id='line_1_2' title="bbox 313 687 1892 810; baseline -0.004 -23"><span class='ocrx_word' id='word_1_4' title='bbox 313 735 370 787; x_wconf 79' lang='lat' dir='ltr'>nac</span> <span class='ocrx_word' id='word_1_5' title='bbox 387 712 587 810; x_wconf 83' lang='lat' dir='ltr'>Murgaile</span> <span class='ocrx_word' id='word_1_6' title='bbox 619 687 688 785; x_wconf 55' lang='lat' dir='ltr'>rex,</span> <span class='ocrx_word' id='word_1_7' title='bbox 703 695 902 785; x_wconf 74' lang='lat' dir='ltr'>Cruaellna</span> <span class='ocrx_word' id='word_1_8' title='bbox 919 709 982 797; x_wconf 71' lang='lat' dir='ltr'>At,</span> <span class='ocrx_word' id='word_1_9' title='bbox 1026 707 1189 802; x_wconf 86' lang='lat' dir='ltr'>[Montis</span> <span class='ocrx_word' id='word_1_10' title='bbox 1209 707 1287 801; x_wconf 66' lang='lat' dir='ltr'>At]</span> <span class='ocrx_word' id='word_1_11' title='bbox 1319 707 1485 782; x_wconf 81' lang='lat' dir='ltr'>Bodlcat</span> <span class='ocrx_word' id='word_1_12' title='bbox 1502 730 1580 781; x_wconf 83' lang='lat' dir='ltr'>mac</span> <span class='ocrx_word' id='word_1_13' title='bbox 1598 704 1796 804; x_wconf 80' lang='lat' dir='ltr'>Echlgusa</span> <span class='ocrx_word' id='word_1_14' title='bbox 1828 733 1892 782; x_wconf 84' lang='lat' dir='ltr'>rex</span> 
     </span>
     <span class='ocr_line' id='line_1_3' title="bbox 316 829 1894 934; baseline -0.007 -22"><span class='ocrx_word' id='word_1_15' title='bbox 316 836 531 934; x_wconf 82' lang='lat' dir='ltr'>Ceniuilfil.</span> <span class='ocrx_word' id='word_1_16' title='bbox 544 834 674 924; x_wconf 83' lang='lat' dir='ltr'>Erana,</span> <span class='ocrx_word' id='word_1_17' title='bbox 689 836 937 934; x_wconf 89' lang='lat' dir='ltr'>[posterorum</span> <span class='ocrx_word' id='word_1_18' title='bbox 956 831 1022 906; x_wconf 87' lang='lat' dir='ltr'>filii</span> <span class='ocrx_word' id='word_1_19' title='bbox 1040 829 1144 926; x_wconf 65' lang='lat' dir='ltr'>Ero]</span> <span class='ocrx_word' id='word_1_20' title='bbox 1168 831 1393 904; x_wconf 84' lang='lat' dir='ltr'>moriuntur..</span> <span class='ocrx_word' id='word_1_21' title='bbox 1413 829 1602 906; x_wconf 76' lang='lat' dir='ltr'>Suairlecll</span> <span class='ocrx_word' id='word_1_22' title='bbox 1620 830 1653 902; x_wconf 82' lang='lat' dir='ltr'>n.</span> <span class='ocrx_word' id='word_1_23' title='bbox 1674 829 1894 903; x_wconf 81' lang='lat' dir='ltr'>Conciaraln</span> 
     </span>
     <span class='ocr_line' id='line_1_4' title="bbox 314 953 1893 1054; baseline -0.003 -21"><span class='ocrx_word' id='word_1_24' title='bbox 314 959 384 1033; x_wconf 86' lang='lat' dir='ltr'>Ab.</span> <span class='ocrx_word' id='word_1_25' title='bbox 399 959 585 1049; x_wconf 82' lang='lat' dir='ltr'>Lissmair,</span> <span class='ocrx_word' id='word_1_26' title='bbox 612 958 872 1034; x_wconf 77' lang='lat' dir='ltr'>Inuractlaecla</span> <span class='ocrx_word' id='word_1_27' title='bbox 886 957 1015 1054; x_wconf 73' lang='lat' dir='ltr'>glinno</span> <span class='ocrx_word' id='word_1_28' title='bbox 1033 954 1202 1050; x_wconf 82' lang='lat' dir='ltr'>aloitighi</span> <span class='ocrx_word' id='word_1_29' title='bbox 1225 954 1347 1048; x_wconf 82' lang='lat' dir='ltr'>[vallis</span> <span class='ocrx_word' id='word_1_30' title='bbox 1365 954 1563 1028; x_wconf 86' lang='lat' dir='ltr'><strong>illustrium</strong></span> <span class='ocrx_word' id='word_1_31' title='bbox 1582 953 1751 1047; x_wconf 84' lang='lat' dir='ltr'>heroum]</span> <span class='ocrx_word' id='word_1_32' title='bbox 1779 979 1893 1029; x_wconf 88' lang='lat' dir='ltr'>anco·</span> 
     </span>
     <span class='ocr_line' id='line_1_5' title="bbox 312 1075 1894 1171; baseline -0.001 -19"><span class='ocrx_word' id='word_1_33' title='bbox 312 1079 383 1153; x_wconf 83' lang='lat' dir='ltr'>rita</span> <span class='ocrx_word' id='word_1_34' title='bbox 400 1080 564 1154; x_wconf 88' lang='lat' dir='ltr'>moritur.</span> <span class='ocrx_word' id='word_1_35' title='bbox 608 1081 787 1154; x_wconf 85' lang='lat' dir='ltr'>Flatruea</span> <span class='ocrx_word' id='word_1_36' title='bbox 804 1104 882 1153; x_wconf 80' lang='lat' dir='ltr'>naac</span> <span class='ocrx_word' id='word_1_37' title='bbox 900 1076 1103 1152; x_wconf 78' lang='lat' dir='ltr'>Fiuclaracla</span> <span class='ocrx_word' id='word_1_38' title='bbox 1114 1099 1179 1149; x_wconf 88' lang='lat' dir='ltr'>rex</span> <span class='ocrx_word' id='word_1_39' title='bbox 1191 1075 1349 1151; x_wconf 83' lang='lat' dir='ltr'>Cruitne</span> <span class='ocrx_word' id='word_1_40' title='bbox 1364 1076 1464 1171; x_wconf 86' lang='lat' dir='ltr'>[Rex</span> <span class='ocrx_word' id='word_1_41' title='bbox 1478 1075 1669 1148; x_wconf 87' lang='lat' dir='ltr'>Pictorum</span> <span class='ocrx_word' id='word_1_42' title='bbox 1689 1075 1894 1169; x_wconf 73' lang='lat' dir='ltr'>Hibernia]</span> 
     </span>
     <span class='ocr_line' id='line_1_6' title="bbox 312 1198 1895 1299; baseline -0.004 -21"><span class='ocrx_word' id='word_1_43' title='bbox 312 1204 479 1278; x_wconf 83' lang='lat' dir='ltr'>moritur.</span> <span class='ocrx_word' id='word_1_44' title='bbox 535 1204 767 1279; x_wconf 89' lang='lat' dir='ltr'>Commixtio</span> <span class='ocrx_word' id='word_1_45' title='bbox 798 1201 929 1299; x_wconf 85' lang='lat' dir='ltr'>agonis</span> <span class='ocrx_word' id='word_1_46' title='bbox 960 1203 996 1273; x_wconf 86' lang='lat' dir='ltr'>la</span> <span class='ocrx_word' id='word_1_47' title='bbox 1026 1198 1170 1272; x_wconf 77' lang='lat' dir='ltr'>Donclz.</span> <span class='ocrx_word' id='word_1_48' title='bbox 1204 1198 1410 1294; x_wconf 82' lang='lat' dir='ltr'>[Ludorum</span> <span class='ocrx_word' id='word_1_49' title='bbox 1443 1198 1715 1271; x_wconf 83' lang='lat' dir='ltr'>Taltinensium</span> <span class='ocrx_word' id='word_1_50' title='bbox 1752 1212 1895 1296; x_wconf 76' lang='lat' dir='ltr'>pertur-</span> 
     </span>
     <span class='ocr_line' id='line_1_7' title="bbox 316 1321 1896 1425; baseline -0.002 -26"><span class='ocrx_word' id='word_1_51' title='bbox 316 1324 416 1400; x_wconf 89' lang='lat' dir='ltr'>batio</span> <span class='ocrx_word' id='word_1_52' title='bbox 434 1350 497 1425; x_wconf 92' lang='lat' dir='ltr'>per</span> <span class='ocrx_word' id='word_1_53' title='bbox 515 1327 657 1424; x_wconf 89' lang='lat' dir='ltr'>Regem</span> <span class='ocrx_word' id='word_1_54' title='bbox 676 1321 924 1416; x_wconf 87' lang='lat' dir='ltr'>Dunchado.]</span> <span class='ocrx_word' id='word_1_55' title='bbox 942 1321 1000 1419; x_wconf 89' lang='lat'>(1)</span> <span class='ocrx_word' id='word_1_56' title='bbox 1048 1322 1188 1420; x_wconf 83' lang='lat' dir='ltr'>Engan</span> <span class='ocrx_word' id='word_1_57' title='bbox 1218 1346 1296 1394; x_wconf 80' lang='lat' dir='ltr'>nzac</span> <span class='ocrx_word' id='word_1_58' title='bbox 1326 1321 1491 1397; x_wconf 81' lang='lat' dir='ltr'>Calmain</span> <span class='ocrx_word' id='word_1_59' title='bbox 1522 1346 1544 1396; x_wconf 90' lang='lat' dir='ltr'>a</span> <span class='ocrx_word' id='word_1_60' title='bbox 1570 1323 1676 1395; x_wconf 81' lang='lat' dir='ltr'>fluxu</span> <span class='ocrx_word' id='word_1_61' title='bbox 1703 1321 1896 1418; x_wconf 75' lang='lat' dir='ltr'>sanguinis</span> 
     </span>
     <span class='ocr_line' id='line_1_8' title="bbox 316 1425 1321 1538; baseline -0.005 -16"><span class='ocrx_word' id='word_1_62' title='bbox 316 1425 482 1538; x_wconf 67' lang='lat' dir='ltr'>moritus,</span> <span class='ocrx_word' id='word_1_63' title='bbox 504 1449 667 1522; x_wconf 88' lang='lat' dir='ltr'>etmulti</span> <span class='ocrx_word' id='word_1_64' title='bbox 686 1449 747 1522; x_wconf 89' lang='lat' dir='ltr'>alii</span> <span class='ocrx_word' id='word_1_65' title='bbox 765 1473 813 1521; x_wconf 87' lang='lat' dir='ltr'>ex</span> <span class='ocrx_word' id='word_1_66' title='bbox 831 1448 902 1520; x_wconf 89' lang='lat' dir='ltr'>isto</span> <span class='ocrx_word' id='word_1_67' title='bbox 921 1445 1046 1518; x_wconf 84' lang='lat' dir='ltr'>dolore</span> <span class='ocrx_word' id='word_1_68' title='bbox 1063 1444 1203 1518; x_wconf 86' lang='lat' dir='ltr'>mortui</span> <span class='ocrx_word' id='word_1_69' title='bbox 1221 1459 1321 1517; x_wconf 88' lang='lat' dir='ltr'>sunt.</span> 
     </span>
    </p>

    <p class='ocr_par' dir='ltr' id='par_1_3' title="bbox 258 1567 1960 2773">
     <span class='ocr_line' id='line_1_9' title="bbox 318 1567 1898 1668; baseline -0.006 -16"><span class='ocrx_word' id='word_1_70' title='bbox 318 1576 388 1652; x_wconf 72' lang='lat' dir='ltr'>an.</span> <span class='ocrx_word' id='word_1_71' title='bbox 415 1571 493 1652; x_wconf 65' lang='lat' dir='ltr'>nu</span> <span class='ocrx_word' id='word_1_72' title='bbox 510 1576 567 1658; x_wconf 72' lang='lat' dir='ltr'>itt</span> <span class='ocrx_word' id='word_1_73' title='bbox 584 1577 636 1650; x_wconf 75' lang='lat' dir='ltr'>n.</span> <span class='ocrx_word' id='word_1_74' title='bbox 701 1572 805 1645; x_wconf 87' lang='lat' dir='ltr'>Mors</span> <span class='ocrx_word' id='word_1_75' title='bbox 837 1569 1024 1645; x_wconf 84' lang='lat' dir='ltr'>Ciuadlwn</span> <span class='ocrx_word' id='word_1_76' title='bbox 1064 1567 1259 1662; x_wconf 86' lang='lat' dir='ltr'>[Kenethi]</span> <span class='ocrx_word' id='word_1_77' title='bbox 1292 1570 1388 1667; x_wconf 84' lang='lat' dir='ltr'>regis</span> <span class='ocrx_word' id='word_1_78' title='bbox 1424 1569 1625 1659; x_wconf 86' lang='lat' dir='ltr'>Pictorum,</span> <span class='ocrx_word' id='word_1_79' title='bbox 1661 1583 1699 1646; x_wconf 90' lang='lat' dir='ltr'>et</span> <span class='ocrx_word' id='word_1_80' title='bbox 1716 1567 1898 1668; x_wconf 87' lang='lat' dir='ltr'>Donngal</span> 
     </span>
     <span class='ocr_line' id='line_1_10' title="bbox 316 1691 1899 1791; baseline -0.001 -21"><span class='ocrx_word' id='word_1_81' title='bbox 316 1720 395 1770; x_wconf 84' lang='lat' dir='ltr'>mac</span> <span class='ocrx_word' id='word_1_82' title='bbox 426 1696 474 1769; x_wconf 94' lang='lat' dir='ltr'><em>N</em></span> <span class='ocrx_word' id='word_1_83' title='bbox 474 1698 610 1769; x_wconf 76' lang='lat' dir='ltr'>uaalltat</span> <span class='ocrx_word' id='word_1_84' title='bbox 628 1694 698 1768; x_wconf 84' lang='lat' dir='ltr'>Ab.</span> <span class='ocrx_word' id='word_1_85' title='bbox 720 1694 942 1790; x_wconf 78' lang='lat' dir='ltr'>Lugmaidll,</span> <span class='ocrx_word' id='word_1_86' title='bbox 969 1691 1152 1788; x_wconf 67' lang='lat' dir='ltr'>[lowtn]</span> <span class='ocrx_word' id='word_1_87' title='bbox 1181 1707 1218 1766; x_wconf 91' lang='lat' dir='ltr'>et</span> <span class='ocrx_word' id='word_1_88' title='bbox 1249 1692 1415 1768; x_wconf 77' lang='lat' dir='ltr'>Fiancltu</span> <span class='ocrx_word' id='word_1_89' title='bbox 1438 1695 1508 1768; x_wconf 86' lang='lat' dir='ltr'>Ab.</span> <span class='ocrx_word' id='word_1_90' title='bbox 1524 1695 1674 1791; x_wconf 83' lang='lat' dir='ltr'>Luigni‚</span> <span class='ocrx_word' id='word_1_91' title='bbox 1709 1706 1747 1768; x_wconf 85' lang='lat' dir='ltr'>et</span> <span class='ocrx_word' id='word_1_92' title='bbox 1766 1693 1899 1770; x_wconf 82' lang='lat' dir='ltr'>Canall</span> 
     </span>
     <span class='ocr_line' id='line_1_11' title="bbox 317 1813 1897 1914; baseline -0.001 -24"><span class='ocrx_word' id='word_1_93' title='bbox 317 1818 473 1913; x_wconf 81' lang='lat' dir='ltr'>Maiglu</span> <span class='ocrx_word' id='word_1_94' title='bbox 490 1819 610 1914; x_wconf 80' lang='lat' dir='ltr'>luingi</span> <span class='ocrx_word' id='word_1_95' title='bbox 632 1813 869 1911; x_wconf 86' lang='lat' dir='ltr'>[Monasterii</span> <span class='ocrx_word' id='word_1_96' title='bbox 884 1814 1004 1913; x_wconf 89' lang='lat' dir='ltr'>campi</span> <span class='ocrx_word' id='word_1_97' title='bbox 1025 1815 1156 1911; x_wconf 68' lang='lat' dir='ltr'>longi]</span> <span class='ocrx_word' id='word_1_98' title='bbox 1173 1828 1211 1889; x_wconf 89' lang='lat' dir='ltr'>et</span> <span class='ocrx_word' id='word_1_99' title='bbox 1227 1815 1418 1891; x_wconf 77' lang='lat' dir='ltr'>Snairlecla</span> <span class='ocrx_word' id='word_1_100' title='bbox 1435 1817 1505 1890; x_wconf 85' lang='lat' dir='ltr'>Ab.</span> <span class='ocrx_word' id='word_1_101' title='bbox 1516 1818 1643 1891; x_wconf 86' lang='lat' dir='ltr'>Linne.</span> <span class='ocrx_word' id='word_1_102' title='bbox 1675 1817 1897 1891; x_wconf 90' lang='lat' dir='ltr'>Combustio</span> 
     </span>
     <span class='ocr_line' id='line_1_12' title="bbox 258 1927 1960 2037; baseline -0.001 -23"><span class='ocrx_word' id='word_1_103' title='bbox 258 2016 261 2021; x_wconf 73' lang='grc'>,</span> <span class='ocrx_word' id='word_1_104' title='bbox 314 1940 568 2030; x_wconf 76' lang='lat' dir='ltr'>Airdmaclaae,</span> <span class='ocrx_word' id='word_1_105' title='bbox 589 1953 626 2012; x_wconf 88' lang='lat' dir='ltr'>et</span> <span class='ocrx_word' id='word_1_106' title='bbox 645 1939 740 2014; x_wconf 85' lang='lat' dir='ltr'>Cille</span> <span class='ocrx_word' id='word_1_107' title='bbox 756 1941 855 2026; x_wconf 78' lang='lat' dir='ltr'>alara,</span> <span class='ocrx_word' id='word_1_108' title='bbox 875 1949 915 2011; x_wconf 90' lang='lat' dir='ltr'>et</span> <span class='ocrx_word' id='word_1_109' title='bbox 931 1936 1232 2012; x_wconf 75' lang='lat' dir='ltr'>Glimzedaloclza.</span> <span class='ocrx_word' id='word_1_110' title='bbox 1289 1938 1513 2037; x_wconf 85' lang='lat' dir='ltr'>Congressio</span> <span class='ocrx_word' id='word_1_111' title='bbox 1529 1941 1625 2013; x_wconf 86' lang='lat' dir='ltr'>inter</span> <span class='ocrx_word' id='word_1_112' title='bbox 1640 1939 1899 2013; x_wconf 76' lang='lat' dir='ltr'>Munnanenses</span> <span class='ocrx_word' id='word_1_113' title='bbox 1955 1927 1960 1936; x_wconf 64' lang='grc'>’</span> 
     </span>
     <span class='ocr_line' id='line_1_13' title="bbox 323 2059 1899 2159; baseline 0.001 -27"><span class='ocrx_word' id='word_1_114' title='bbox 323 2059 633 2154; x_wconf 88' lang='lat' dir='ltr'>[Momonienses]</span> <span class='ocrx_word' id='word_1_115' title='bbox 666 2075 704 2135; x_wconf 89' lang='lat' dir='ltr'>et</span> <span class='ocrx_word' id='word_1_116' title='bbox 719 2071 871 2158; x_wconf 84' lang='lat' dir='ltr'>nepotes</span> <span class='ocrx_word' id='word_1_117' title='bbox 887 2060 1000 2148; x_wconf 84' lang='lat' dir='ltr'>Neill,</span> <span class='ocrx_word' id='word_1_118' title='bbox 1031 2074 1069 2133; x_wconf 91' lang='lat' dir='ltr'>et</span> <span class='ocrx_word' id='word_1_119' title='bbox 1097 2059 1189 2147; x_wconf 85' lang='lat' dir='ltr'>fecit</span> <span class='ocrx_word' id='word_1_120' title='bbox 1219 2060 1377 2136; x_wconf 79' lang='lat' dir='ltr'>Doncha</span> <span class='ocrx_word' id='word_1_121' title='bbox 1402 2063 1648 2136; x_wconf 88' lang='lat' dir='ltr'>vastationem</span> <span class='ocrx_word' id='word_1_122' title='bbox 1666 2085 1840 2159; x_wconf 88' lang='lat' dir='ltr'>magnam</span> <span class='ocrx_word' id='word_1_123' title='bbox 1858 2061 1899 2134; x_wconf 89' lang='lat' dir='ltr'>in</span> 
     </span>
     <span class='ocr_line' id='line_1_14' title="bbox 319 2182 1899 2280; baseline 0.002 -26"><span class='ocrx_word' id='word_1_124' title='bbox 319 2182 454 2255; x_wconf 86' lang='lat' dir='ltr'>finibus</span> <span class='ocrx_word' id='word_1_125' title='bbox 473 2183 774 2271; x_wconf 81' lang='lat' dir='ltr'>Muminensimn,</span> <span class='ocrx_word' id='word_1_126' title='bbox 801 2196 842 2256; x_wconf 85' lang='lat' dir='ltr'>et</span> <span class='ocrx_word' id='word_1_127' title='bbox 863 2183 1081 2257; x_wconf 84' lang='lat' dir='ltr'>ceciderunt</span> <span class='ocrx_word' id='word_1_128' title='bbox 1109 2182 1219 2256; x_wconf 85' lang='lat' dir='ltr'>multi</span> <span class='ocrx_word' id='word_1_129' title='bbox 1252 2185 1290 2256; x_wconf 85' lang='lat' dir='ltr'>di</span> <span class='ocrx_word' id='word_1_130' title='bbox 1321 2183 1608 2259; x_wconf 57' lang='lat' dir='ltr'>alluimuecliaib.</span> <span class='ocrx_word' id='word_1_131' title='bbox 1629 2184 1690 2280; x_wconf 86' lang='lat' dir='ltr'>[de</span> <span class='ocrx_word' id='word_1_132' title='bbox 1708 2184 1899 2259; x_wconf 91' lang='lat' dir='ltr'>Momoni·</span> 
     </span>
     <span class='ocr_line' id='line_1_15' title="bbox 318 2304 1899 2400; baseline 0.001 -22"><span class='ocrx_word' id='word_1_133' title='bbox 318 2305 497 2398; x_wconf 82' lang='lat' dir='ltr'>ensibus]</span> <span class='ocrx_word' id='word_1_134' title='bbox 527 2307 707 2382; x_wconf 85' lang='lat' dir='ltr'>Imairecc</span> <span class='ocrx_word' id='word_1_135' title='bbox 726 2309 764 2380; x_wconf 87' lang='lat' dir='ltr'>in</span> <span class='ocrx_word' id='word_1_136' title='bbox 781 2308 1036 2383; x_wconf 76' lang='lat' dir='ltr'>Cluainirairal</span> <span class='ocrx_word' id='word_1_137' title='bbox 1065 2307 1157 2379; x_wconf 83' lang='lat' dir='ltr'>ettir</span> <span class='ocrx_word' id='word_1_138' title='bbox 1179 2304 1322 2378; x_wconf 79' lang='lat' dir='ltr'>Donet.</span> <span class='ocrx_word' id='word_1_139' title='bbox 1342 2316 1366 2386; x_wconf 83' lang='lat'><em>7</em></span> <span class='ocrx_word' id='word_1_140' title='bbox 1383 2331 1427 2379; x_wconf 75' lang='lat' dir='ltr'>nt.</span> <span class='ocrx_word' id='word_1_141' title='bbox 1443 2319 1469 2380; x_wconf 86' lang='lat' dir='ltr'>t.</span> <span class='ocrx_word' id='word_1_142' title='bbox 1489 2307 1545 2383; x_wconf 90' lang='lat' dir='ltr'>Cl.</span> <span class='ocrx_word' id='word_1_143' title='bbox 1566 2307 1707 2380; x_wconf 80' lang='lat' dir='ltr'>Iraird.</span> <span class='ocrx_word' id='word_1_144' title='bbox 1745 2307 1844 2400; x_wconf 85' lang='lat' dir='ltr'>[rixa</span> <span class='ocrx_word' id='word_1_145' title='bbox 1858 2305 1899 2379; x_wconf 88' lang='lat' dir='ltr'>in</span> 
     </span>
     <span class='ocr_line' id='line_1_16' title="bbox 323 2425 1899 2527; baseline 0.001 -26"><span class='ocrx_word' id='word_1_146' title='bbox 323 2425 547 2501; x_wconf 87' lang='lat' dir='ltr'>Cloonardia</span> <span class='ocrx_word' id='word_1_147' title='bbox 563 2427 659 2504; x_wconf 87' lang='lat' dir='ltr'>inter</span> <span class='ocrx_word' id='word_1_148' title='bbox 679 2428 865 2504; x_wconf 89' lang='lat' dir='ltr'>Donchad</span> <span class='ocrx_word' id='word_1_149' title='bbox 884 2451 1007 2527; x_wconf 86' lang='lat' dir='ltr'>regem</span> <span class='ocrx_word' id='word_1_150' title='bbox 1026 2440 1065 2500; x_wconf 90' lang='lat' dir='ltr'>et</span> <span class='ocrx_word' id='word_1_151' title='bbox 1094 2426 1419 2522; x_wconf 76' lang='lat' dir='ltr'>Cloonardenses]</span> <span class='ocrx_word' id='word_1_152' title='bbox 1477 2428 1595 2513; x_wconf 85' lang='lat' dir='ltr'><strong>Quies</strong></span> <span class='ocrx_word' id='word_1_153' title='bbox 1611 2428 1765 2502; x_wconf 77' lang='lat' dir='ltr'>Claraa&#39;n</span> <span class='ocrx_word' id='word_1_154' title='bbox 1782 2430 1899 2503; x_wconf 80' lang='lat' dir='ltr'>craid·</span> 
     </span>
     <span class='ocr_line' id='line_1_17' title="bbox 323 2548 1902 2646; baseline 0.003 -26"><span class='ocrx_word' id='word_1_155' title='bbox 323 2548 426 2645; x_wconf 77' lang='lat' dir='ltr'>bligla</span> <span class='ocrx_word' id='word_1_156' title='bbox 463 2550 500 2622; x_wconf 69' lang='lat' dir='ltr'>u·-</span> <span class='ocrx_word' id='word_1_157' title='bbox 532 2549 589 2624; x_wconf 82' lang='lat' dir='ltr'>bel</span> <span class='ocrx_word' id='word_1_158' title='bbox 618 2553 717 2625; x_wconf 83' lang='lat' dir='ltr'>duin.</span> <span class='ocrx_word' id='word_1_159' title='bbox 765 2550 933 2646; x_wconf 77' lang='lat' dir='ltr'>[Cinnani</span> <span class='ocrx_word' id='word_1_160' title='bbox 952 2551 1079 2625; x_wconf 89' lang='lat' dir='ltr'>devoti</span> <span class='ocrx_word' id='word_1_161' title='bbox 1098 2550 1160 2625; x_wconf 84' lang='lat' dir='ltr'>ie.</span> <span class='ocrx_word' id='word_1_162' title='bbox 1179 2549 1527 2645; x_wconf 86' lang='lat' dir='ltr'>Belachdunensis.]</span> <span class='ocrx_word' id='word_1_163' title='bbox 1574 2550 1717 2625; x_wconf 81' lang='lat' dir='ltr'>Bellum</span> <span class='ocrx_word' id='word_1_164' title='bbox 1734 2549 1902 2624; x_wconf 77' lang='lat' dir='ltr'>Aalaaidln</span> 
     </span>
     <span class='ocr_line' id='line_1_18' title="bbox 322 2671 1898 2773; baseline 0.001 -26"><span class='ocrx_word' id='word_1_165' title='bbox 322 2671 422 2768; x_wconf 81' lang='lat' dir='ltr'>Liag</span> <span class='ocrx_word' id='word_1_166' title='bbox 451 2673 588 2771; x_wconf 88' lang='lat' dir='ltr'>[campi</span> <span class='ocrx_word' id='word_1_167' title='bbox 612 2675 803 2762; x_wconf 78' lang='lat' dir='ltr'>Saxonum,</span> <span class='ocrx_word' id='word_1_168' title='bbox 831 2673 942 2747; x_wconf 87' lang='lat' dir='ltr'>hodie</span> <span class='ocrx_word' id='word_1_169' title='bbox 958 2676 1168 2770; x_wconf 72' lang='lat' dir='ltr'>Athleague</span> <span class='ocrx_word' id='word_1_170' title='bbox 1184 2672 1221 2746; x_wconf 95' lang='lat' dir='ltr'>in</span> <span class='ocrx_word' id='word_1_171' title='bbox 1240 2672 1448 2768; x_wconf 88' lang='lat' dir='ltr'>Connacia]</span> <span class='ocrx_word' id='word_1_172' title='bbox 1470 2675 1566 2749; x_wconf 88' lang='lat' dir='ltr'>inter</span> <span class='ocrx_word' id='word_1_173' title='bbox 1583 2692 1732 2773; x_wconf 85' lang='lat' dir='ltr'>nepotes</span> <span class='ocrx_word' id='word_1_174' title='bbox 1748 2677 1898 2764; x_wconf 85' lang='lat' dir='ltr'>Briuin,</span> 
     </span>
    </p>
   </div>
   <div class='ocr_carea' id='block_1_3' title="bbox 320 2794 2011 2895">
    <p class='ocr_par' dir='ltr' id='par_1_4' title="bbox 320 2794 2011 2895">
     <span class='ocr_line' id='line_1_19' title="bbox 320 2794 2011 2895; baseline 0.002 -26"><span class='ocrx_word' id='word_1_175' title='bbox 320 2795 514 2881; x_wconf 83' lang='lat' dir='ltr'>etMaa&#39;ue,</span> <span class='ocrx_word' id='word_1_176' title='bbox 534 2794 597 2867; x_wconf 93' lang='lat' dir='ltr'>ubi</span> <span class='ocrx_word' id='word_1_177' title='bbox 614 2795 748 2868; x_wconf 83' lang='lat' dir='ltr'>Maine</span> <span class='ocrx_word' id='word_1_178' title='bbox 781 2804 983 2891; x_wconf 87' lang='lat' dir='ltr'>prostratus</span> <span class='ocrx_word' id='word_1_179' title='bbox 1014 2806 1080 2869; x_wconf 78' lang='lat' dir='ltr'>est.</span> <span class='ocrx_word' id='word_1_180' title='bbox 1135 2795 1282 2891; x_wconf 82' lang='lat' dir='ltr'>Strages</span> <span class='ocrx_word' id='word_1_181' title='bbox 1314 2810 1492 2895; x_wconf 84' lang='lat' dir='ltr'>nepotum</span> <span class='ocrx_word' id='word_1_182' title='bbox 1529 2799 1690 2872; x_wconf 81' lang='lat' dir='ltr'>tiliorum</span> <span class='ocrx_word' id='word_1_183' title='bbox 1713 2800 1830 2872; x_wconf 76' lang='lat' dir='ltr'>Broce</span> <span class='ocrx_word' id='word_1_184' title='bbox 1860 2800 1900 2872; x_wconf 92' lang='lat' dir='ltr'>in</span> <span class='ocrx_word' id='word_1_185' title='bbox 2008 2823 2011 2828; x_wconf 86' lang='lat'><em>·</em></span> 
     </span>
    </p>
   </div>
   <div class='ocr_carea' id='block_1_4' title="bbox 248 2915 1908 4121">
    <p class='ocr_par' dir='ltr' id='par_1_5' title="bbox 322 2915 1555 3017">
     <span class='ocr_line' id='line_1_20' title="bbox 322 2915 1555 3017; baseline 0.002 -26"><span class='ocrx_word' id='word_1_186' title='bbox 322 2933 486 3017; x_wconf 86' lang='lat' dir='ltr'>tempore</span> <span class='ocrx_word' id='word_1_187' title='bbox 503 2917 669 3015; x_wconf 85' lang='lat' dir='ltr'>Colggeu</span> <span class='ocrx_word' id='word_1_188' title='bbox 687 2942 741 2991; x_wconf 89' lang='lat' dir='ltr'>ma</span> <span class='ocrx_word' id='word_1_189' title='bbox 759 2916 939 3012; x_wconf 80' lang='lat' dir='ltr'>Cellaigla.</span> <span class='ocrx_word' id='word_1_190' title='bbox 995 2915 1214 2991; x_wconf 90' lang='lat' dir='ltr'>Combustio</span> <span class='ocrx_word' id='word_1_191' title='bbox 1232 2918 1348 2993; x_wconf 85' lang='lat' dir='ltr'>insole</span> <span class='ocrx_word' id='word_1_192' title='bbox 1366 2920 1555 2993; x_wconf 77' lang='lat' dir='ltr'>Baitleni.</span> 
     </span>
    </p>

    <p class='ocr_par' dir='ltr' id='par_1_6' title="bbox 248 3040 1908 4121">
     <span class='ocr_line' id='line_1_21' title="bbox 323 3040 1903 3137; baseline -0.003 -16"><span class='ocrx_word' id='word_1_193' title='bbox 323 3046 392 3122; x_wconf 75' lang='lat' dir='ltr'>aa.</span> <span class='ocrx_word' id='word_1_194' title='bbox 419 3041 496 3119; x_wconf 69' lang='lat' dir='ltr'>uu</span> <span class='ocrx_word' id='word_1_195' title='bbox 514 3044 570 3127; x_wconf 59' lang='lat' dir='ltr'>ltu</span> <span class='ocrx_word' id='word_1_196' title='bbox 587 3049 624 3119; x_wconf 68' lang='lat' dir='ltr'>a.</span> <span class='ocrx_word' id='word_1_197' title='bbox 695 3041 813 3126; x_wconf 81' lang='lat' dir='ltr'>Quies</span> <span class='ocrx_word' id='word_1_198' title='bbox 833 3041 997 3116; x_wconf 85' lang='lat' dir='ltr'>Colmain</span> <span class='ocrx_word' id='word_1_199' title='bbox 1007 3040 1098 3137; x_wconf 74' lang='lat' dir='ltr'>sinn</span> <span class='ocrx_word' id='word_1_200' title='bbox 1130 3041 1236 3136; x_wconf 83' lang='lat' dir='ltr'>[albi]</span> <span class='ocrx_word' id='word_1_201' title='bbox 1255 3042 1429 3116; x_wconf 81' lang='lat' dir='ltr'>ancorite.</span> <span class='ocrx_word' id='word_1_202' title='bbox 1486 3043 1599 3115; x_wconf 80' lang='lat' dir='ltr'>Mors·</span> <span class='ocrx_word' id='word_1_203' title='bbox 1612 3043 1739 3117; x_wconf 82' lang='lat' dir='ltr'>Gaidll</span> <span class='ocrx_word' id='word_1_204' title='bbox 1755 3042 1903 3118; x_wconf 83' lang='lat' dir='ltr'>Cluana</span> 
     </span>
     <span class='ocr_line' id='line_1_22' title="bbox 326 3161 1905 3243; baseline -0.001 -1"><span class='ocrx_word' id='word_1_205' title='bbox 326 3168 467 3243; x_wconf 81' lang='lat' dir='ltr'>Iraird.</span> <span class='ocrx_word' id='word_1_206' title='bbox 523 3166 628 3239; x_wconf 86' lang='lat' dir='ltr'>Mors</span> <span class='ocrx_word' id='word_1_207' title='bbox 660 3164 880 3238; x_wconf 75' lang='lat' dir='ltr'>Foebusaicla</span> <span class='ocrx_word' id='word_1_208' title='bbox 898 3161 969 3234; x_wconf 86' lang='lat' dir='ltr'>Ab.</span> <span class='ocrx_word' id='word_1_209' title='bbox 992 3161 1117 3236; x_wconf 79' lang='lat' dir='ltr'>Rallao</span> <span class='ocrx_word' id='word_1_210' title='bbox 1133 3163 1258 3238; x_wconf 81' lang='lat' dir='ltr'>Aitlao.</span> <span class='ocrx_word' id='word_1_211' title='bbox 1314 3165 1419 3238; x_wconf 86' lang='lat' dir='ltr'>Mors</span> <span class='ocrx_word' id='word_1_212' title='bbox 1438 3166 1653 3240; x_wconf 81' lang='lat' dir='ltr'>Collbrainal</span> <span class='ocrx_word' id='word_1_213' title='bbox 1669 3166 1737 3239; x_wconf 83' lang='lat' dir='ltr'>Ab.</span> <span class='ocrx_word' id='word_1_214' title='bbox 1759 3167 1905 3243; x_wconf 82' lang='lat' dir='ltr'>Cluana</span> 
     </span>
     <span class='ocr_line' id='line_1_23' title="bbox 326 3283 1907 3377; baseline -0.001 -15"><span class='ocrx_word' id='word_1_215' title='bbox 326 3315 383 3364; x_wconf 87' lang='lat' dir='ltr'>mc</span> <span class='ocrx_word' id='word_1_216' title='bbox 405 3290 538 3362; x_wconf 83' lang='lat' dir='ltr'>canois.</span> <span class='ocrx_word' id='word_1_217' title='bbox 595 3287 852 3361; x_wconf 84' lang='lat' dir='ltr'>Commutatio</span> <span class='ocrx_word' id='word_1_218' title='bbox 884 3283 1083 3359; x_wconf 74' lang='lat' dir='ltr'>Martinam</span> <span class='ocrx_word' id='word_1_219' title='bbox 1119 3285 1189 3358; x_wconf 87' lang='lat' dir='ltr'>sci.</span> <span class='ocrx_word' id='word_1_220' title='bbox 1207 3285 1307 3361; x_wconf 73' lang='lat' dir='ltr'>Eece</span> <span class='ocrx_word' id='word_1_221' title='bbox 1337 3288 1456 3377; x_wconf 87' lang='lat' dir='ltr'>Slane,</span> <span class='ocrx_word' id='word_1_222' title='bbox 1490 3298 1514 3366; x_wconf 86' lang='grc'>7</span> <span class='ocrx_word' id='word_1_223' title='bbox 1549 3287 1724 3362; x_wconf 82' lang='lat' dir='ltr'>Finniaa&#39;n</span> <span class='ocrx_word' id='word_1_224' title='bbox 1760 3287 1907 3361; x_wconf 80' lang='lat' dir='ltr'>Cluana</span> 
     </span>
     <span class='ocr_line' id='line_1_24' title="bbox 326 3408 1906 3507; baseline -0.002 -20"><span class='ocrx_word' id='word_1_225' title='bbox 326 3412 466 3487; x_wconf 82' lang='lat' dir='ltr'>Iraird.</span> <span class='ocrx_word' id='word_1_226' title='bbox 523 3410 627 3483; x_wconf 84' lang='lat' dir='ltr'>Mors</span> <span class='ocrx_word' id='word_1_227' title='bbox 658 3409 938 3497; x_wconf 75' lang='lat' dir='ltr'>Maelemanuala</span> <span class='ocrx_word' id='word_1_228' title='bbox 955 3408 1031 3484; x_wconf 82' lang='lat' dir='ltr'>Ab.</span> <span class='ocrx_word' id='word_1_229' title='bbox 1045 3409 1228 3507; x_wconf 69' lang='lat' dir='ltr'>Canugan</span> <span class='ocrx_word' id='word_1_230' title='bbox 1279 3411 1354 3485; x_wconf 88' lang='lat' dir='ltr'>Bel.</span> <span class='ocrx_word' id='word_1_231' title='bbox 1372 3413 1469 3485; x_wconf 85' lang='lat' dir='ltr'>inter</span> <span class='ocrx_word' id='word_1_232' title='bbox 1485 3412 1717 3501; x_wconf 75' lang='lat' dir='ltr'>Dalnaraide</span> <span class='ocrx_word' id='word_1_233' title='bbox 1745 3412 1906 3485; x_wconf 86' lang='lat' dir='ltr'>invicem</span> 
     </span>
     <span class='ocr_line' id='line_1_25' title="bbox 325 3532 1908 3633; baseline 0.002 -27"><span class='ocrx_word' id='word_1_234' title='bbox 325 3532 425 3606; x_wconf 81' lang='lat' dir='ltr'>isleib</span> <span class='ocrx_word' id='word_1_235' title='bbox 441 3534 550 3621; x_wconf 77' lang='lat' dir='ltr'>Mina,</span> <span class='ocrx_word' id='word_1_236' title='bbox 571 3533 689 3633; x_wconf 90' lang='lat' dir='ltr'>[apud</span> <span class='ocrx_word' id='word_1_237' title='bbox 708 3545 873 3608; x_wconf 88' lang='lat' dir='ltr'>montem</span> <span class='ocrx_word' id='word_1_238' title='bbox 892 3532 1017 3627; x_wconf 84' lang='lat' dir='ltr'>Miss,]</span> <span class='ocrx_word' id='word_1_239' title='bbox 1039 3533 1078 3608; x_wconf 87' lang='lat' dir='ltr'>in</span> <span class='ocrx_word' id='word_1_240' title='bbox 1094 3560 1170 3630; x_wconf 94' lang='lat' dir='ltr'>quo</span> <span class='ocrx_word' id='word_1_241' title='bbox 1187 3534 1325 3609; x_wconf 89' lang='lat' dir='ltr'>cecidit</span> <span class='ocrx_word' id='word_1_242' title='bbox 1342 3534 1389 3609; x_wconf 93' lang='lat' dir='ltr'><em>N</em></span> <span class='ocrx_word' id='word_1_243' title='bbox 1389 3535 1425 3608; x_wconf 84' lang='lat' dir='ltr'>ia</span> <span class='ocrx_word' id='word_1_244' title='bbox 1439 3559 1517 3608; x_wconf 86' lang='lat' dir='ltr'>mac</span> <span class='ocrx_word' id='word_1_245' title='bbox 1535 3536 1703 3610; x_wconf 87' lang='lat' dir='ltr'>Conalta.</span> <span class='ocrx_word' id='word_1_246' title='bbox 1732 3535 1779 3607; x_wconf 91' lang='lat' dir='ltr'>B.</span> <span class='ocrx_word' id='word_1_247' title='bbox 1798 3534 1908 3609; x_wconf 87' lang='lat' dir='ltr'>Dru·</span> 
     </span>
     <span class='ocr_line' id='line_1_26' title="bbox 329 3655 1908 3754; baseline 0.001 -24"><span class='ocrx_word' id='word_1_248' title='bbox 329 3659 393 3754; x_wconf 85' lang='lat' dir='ltr'>ing</span> <span class='ocrx_word' id='word_1_249' title='bbox 410 3657 525 3730; x_wconf 83' lang='lat' dir='ltr'>itum</span> <span class='ocrx_word' id='word_1_250' title='bbox 552 3656 741 3753; x_wconf 77' lang='lat' dir='ltr'>[Praetium</span> <span class='ocrx_word' id='word_1_251' title='bbox 759 3655 997 3751; x_wconf 81' lang='lat' dir='ltr'>Druingense</span> <span class='ocrx_word' id='word_1_252' title='bbox 1017 3655 1166 3749; x_wconf 82' lang='lat' dir='ltr'>iterum]</span> <span class='ocrx_word' id='word_1_253' title='bbox 1183 3657 1221 3729; x_wconf 92' lang='lat' dir='ltr'>in</span> <span class='ocrx_word' id='word_1_254' title='bbox 1242 3659 1370 3731; x_wconf 87' lang='lat' dir='ltr'>eodem</span> <span class='ocrx_word' id='word_1_255' title='bbox 1392 3684 1500 3749; x_wconf 88' lang='lat' dir='ltr'>anno,</span> <span class='ocrx_word' id='word_1_256' title='bbox 1522 3661 1564 3731; x_wconf 78' lang='lat' dir='ltr'>it.</span> <span class='ocrx_word' id='word_1_257' title='bbox 1584 3659 1777 3747; x_wconf 63' lang='lat' dir='ltr'>Dauniae,</span> <span class='ocrx_word' id='word_1_258' title='bbox 1797 3659 1908 3754; x_wconf 79' lang='lat' dir='ltr'>[inter</span> 
     </span>
     <span class='ocr_line' id='line_1_27' title="bbox 329 3777 1904 3877; baseline 0.001 -26"><span class='ocrx_word' id='word_1_259' title='bbox 329 3777 578 3871; x_wconf 85' lang='lat' dir='ltr'>Dalaradios,]</span> <span class='ocrx_word' id='word_1_260' title='bbox 602 3778 640 3849; x_wconf 88' lang='lat' dir='ltr'>in</span> <span class='ocrx_word' id='word_1_261' title='bbox 664 3804 739 3872; x_wconf 90' lang='lat' dir='ltr'>quo</span> <span class='ocrx_word' id='word_1_262' title='bbox 757 3777 895 3851; x_wconf 88' lang='lat' dir='ltr'>cecidit</span> <span class='ocrx_word' id='word_1_263' title='bbox 919 3778 1078 3851; x_wconf 81' lang='lat' dir='ltr'>Cinaedk</span> <span class='ocrx_word' id='word_1_264' title='bbox 1097 3778 1235 3876; x_wconf 85' lang='lat' dir='ltr'>Cuirge</span> <span class='ocrx_word' id='word_1_265' title='bbox 1250 3779 1441 3874; x_wconf 81' lang='lat' dir='ltr'>[Kenneth</span> <span class='ocrx_word' id='word_1_266' title='bbox 1458 3779 1571 3877; x_wconf 84' lang='lat' dir='ltr'>rupis]</span> <span class='ocrx_word' id='word_1_267' title='bbox 1588 3805 1666 3853; x_wconf 84' lang='lat' dir='ltr'>mac</span> <span class='ocrx_word' id='word_1_268' title='bbox 1689 3780 1904 3876; x_wconf 68' lang='lat' dir='ltr'>Calliasaig,</span> 
     </span>
     <span class='ocr_line' id='line_1_28' title="bbox 248 3897 1908 4004; baseline 0.002 -34"><span class='ocrx_word' id='word_1_269' title='bbox 248 3976 258 3986; x_wconf 58' lang='grc'>,,</span> <span class='ocrx_word' id='word_1_270' title='bbox 329 3912 367 3970; x_wconf 90' lang='lat' dir='ltr'>et</span> <span class='ocrx_word' id='word_1_271' title='bbox 385 3897 544 3994; x_wconf 86' lang='lat' dir='ltr'>Dangal</span> <span class='ocrx_word' id='word_1_272' title='bbox 560 3900 606 3972; x_wconf 85' lang='lat' dir='ltr'>lu&#39;.</span> <span class='ocrx_word' id='word_1_273' title='bbox 629 3898 989 3996; x_wconf 74' lang='lat' dir='ltr'>Fergusasoreridlt.</span> <span class='ocrx_word' id='word_1_274' title='bbox 1026 3903 1233 3977; x_wconf 69' lang='lat' dir='ltr'>tumultuet</span> <span class='ocrx_word' id='word_1_275' title='bbox 1250 3927 1328 4004; x_wconf 81' lang='lat' dir='ltr'>naua</span> <span class='ocrx_word' id='word_1_276' title='bbox 1344 3903 1595 3997; x_wconf 82' lang='lat' dir='ltr'>Indreclataig‚</span> <span class='ocrx_word' id='word_1_277' title='bbox 1617 3917 1654 3975; x_wconf 87' lang='lat' dir='ltr'>et</span> <span class='ocrx_word' id='word_1_278' title='bbox 1671 3902 1816 3975; x_wconf 73' lang='lat' dir='ltr'>Echaia!</span> <span class='ocrx_word' id='word_1_279' title='bbox 1831 3922 1908 3974; x_wconf 84' lang='lat' dir='ltr'>mac</span> 
     </span>
     <span class='ocr_line' id='line_1_29' title="bbox 329 4019 1904 4121; baseline 0.003 -26"><span class='ocrx_word' id='word_1_280' title='bbox 329 4019 512 4096; x_wconf 64' lang='lat' dir='ltr'>Waaknae</span> <span class='ocrx_word' id='word_1_281' title='bbox 537 4022 695 4116; x_wconf 73' lang='lat' dir='ltr'>viatores</span> <span class='ocrx_word' id='word_1_282' title='bbox 726 4039 843 4098; x_wconf 84' lang='lat' dir='ltr'>erant.</span> <span class='ocrx_word' id='word_1_283' title='bbox 896 4022 1043 4099; x_wconf 68' lang='lat' dir='ltr'>Celtae-n</span> <span class='ocrx_word' id='word_1_284' title='bbox 1073 4050 1150 4105; x_wconf 83' lang='lat' dir='ltr'>mac</span> <span class='ocrx_word' id='word_1_285' title='bbox 1167 4027 1330 4101; x_wconf 76' lang='lat' dir='ltr'>Dnnclaa</span> <span class='ocrx_word' id='word_1_286' title='bbox 1360 4051 1424 4099; x_wconf 83' lang='lat' dir='ltr'>rex</span> <span class='ocrx_word' id='word_1_287' title='bbox 1452 4027 1589 4121; x_wconf 84' lang='lat' dir='ltr'>Laigin</span> <span class='ocrx_word' id='word_1_288' title='bbox 1611 4025 1774 4099; x_wconf 79' lang='lat' dir='ltr'>moritur.</span> <span class='ocrx_word' id='word_1_289' title='bbox 1828 4027 1904 4101; x_wconf 85' lang='lat' dir='ltr'>Bel.</span> 
     </span>
    </p>
   </div>
   <div class='ocr_carea' id='block_1_5' title="bbox 328 4340 1912 4896">
    <p class='ocr_par' dir='ltr' id='par_1_7' title="bbox 328 4340 1912 4896">
     <span class='ocr_line' id='line_1_30' title="bbox 333 4340 1906 4421; baseline 0.004 -24"><span class='ocrx_word' id='word_1_290' title='bbox 333 4340 380 4415; x_wconf 88' lang='lat'>(1)</span> <span class='ocrx_word' id='word_1_291' title='bbox 404 4341 464 4399; x_wconf 83' lang='lat' dir='ltr'>llus</span> <span class='ocrx_word' id='word_1_292' title='bbox 480 4340 630 4409; x_wconf 79' lang='lat' dir='ltr'>nundinas,</span> <span class='ocrx_word' id='word_1_293' title='bbox 641 4341 698 4398; x_wconf 80' lang='lat' dir='ltr'>sive</span> <span class='ocrx_word' id='word_1_294' title='bbox 721 4341 803 4398; x_wconf 84' lang='lat' dir='ltr'>ludos</span> <span class='ocrx_word' id='word_1_295' title='bbox 819 4342 1011 4400; x_wconf 81' lang='lat' dir='ltr'>Hibemorum</span> <span class='ocrx_word' id='word_1_296' title='bbox 1025 4345 1175 4420; x_wconf 79' lang='lat' dir='ltr'>quotannis</span> <span class='ocrx_word' id='word_1_297' title='bbox 1190 4344 1326 4401; x_wconf 82' lang='lat' dir='ltr'>celebrari</span> <span class='ocrx_word' id='word_1_298' title='bbox 1340 4344 1447 4413; x_wconf 84' lang='lat' dir='ltr'>solitos,</span> <span class='ocrx_word' id='word_1_299' title='bbox 1461 4358 1489 4402; x_wconf 80' lang='lat' dir='ltr'>at</span> <span class='ocrx_word' id='word_1_300' title='bbox 1503 4345 1659 4421; x_wconf 83' lang='lat' dir='ltr'>apluribus</span> <span class='ocrx_word' id='word_1_301' title='bbox 1673 4347 1753 4403; x_wconf 87' lang='lat' dir='ltr'>annis</span> <span class='ocrx_word' id='word_1_302' title='bbox 1767 4345 1906 4404; x_wconf 80' lang='lat' dir='ltr'>intermis-</span> 
     </span>
     <span class='ocr_line' id='line_1_31' title="bbox 330 4436 1909 4515; baseline 0.003 -24"><span class='ocrx_word' id='word_1_303' title='bbox 330 4455 385 4506; x_wconf 80' lang='lat' dir='ltr'>sos,</span> <span class='ocrx_word' id='word_1_304' title='bbox 400 4436 575 4506; x_wconf 82' lang='lat' dir='ltr'>instauravit,</span> <span class='ocrx_word' id='word_1_305' title='bbox 589 4438 916 4508; x_wconf 76' lang='lat' dir='ltr'>saecu1012,Roalericus</span> <span class='ocrx_word' id='word_1_306' title='bbox 930 4440 1065 4510; x_wconf 85' lang='lat' dir='ltr'>O&#39;Conor,</span> <span class='ocrx_word' id='word_1_307' title='bbox 1074 4440 1115 4497; x_wconf 86' lang='lat' dir='ltr'>uti</span> <span class='ocrx_word' id='word_1_308' title='bbox 1131 4440 1247 4497; x_wconf 83' lang='lat' dir='ltr'>tradunt</span> <span class='ocrx_word' id='word_1_309' title='bbox 1259 4440 1377 4496; x_wconf 81' lang='lat' dir='ltr'>istorum</span> <span class='ocrx_word' id='word_1_310' title='bbox 1392 4450 1549 4515; x_wconf 80' lang='lat' dir='ltr'>temporum</span> <span class='ocrx_word' id='word_1_311' title='bbox 1561 4442 1696 4500; x_wconf 83' lang='lat' dir='ltr'>Annales.</span> <span class='ocrx_word' id='word_1_312' title='bbox 1712 4443 1784 4499; x_wconf 87' lang='lat' dir='ltr'>Vide</span> <span class='ocrx_word' id='word_1_313' title='bbox 1798 4440 1909 4506; x_wconf 70' lang='lat' dir='ltr'>lvna-</span> 
     </span>
     <span class='ocr_line' id='line_1_32' title="bbox 328 4529 1910 4613; baseline 0.003 -27"><span class='ocrx_word' id='word_1_314' title='bbox 328 4531 434 4605; x_wconf 76' lang='lat' dir='ltr'>gistras</span> <span class='ocrx_word' id='word_1_315' title='bbox 448 4533 483 4588; x_wconf 85' lang='lat' dir='ltr'>ad</span> <span class='ocrx_word' id='word_1_316' title='bbox 493 4553 559 4593; x_wconf 89' lang='lat' dir='ltr'>ann.</span> <span class='ocrx_word' id='word_1_317' title='bbox 574 4529 723 4592; x_wconf 85' lang='lat'>1168.-“</span> <span class='ocrx_word' id='word_1_318' title='bbox 738 4535 770 4591; x_wconf 90' lang='lat' dir='ltr'>ln</span> <span class='ocrx_word' id='word_1_319' title='bbox 784 4535 826 4591; x_wconf 83' lang='lat' dir='ltr'>his</span> <span class='ocrx_word' id='word_1_320' title='bbox 841 4535 925 4605; x_wconf 88' lang='lat' dir='ltr'>ludis,</span> <span class='ocrx_word' id='word_1_321' title='bbox 939 4535 1032 4613; x_wconf 89' lang='lat' dir='ltr'>inquit</span> <span class='ocrx_word' id='word_1_322' title='bbox 1047 4549 1147 4594; x_wconf 87' lang='lat' dir='ltr'>auctor</span> <span class='ocrx_word' id='word_1_323' title='bbox 1159 4532 1327 4591; x_wconf 79' lang='lat' dir='ltr'>Camlrensis</span> <span class='ocrx_word' id='word_1_324' title='bbox 1338 4534 1447 4604; x_wconf 73' lang='lat' dir='ltr'>Eueni,</span> <span class='ocrx_word' id='word_1_325' title='bbox 1461 4535 1595 4607; x_wconf 71' lang='lat' dir='ltr'>lunense,</span> <span class='ocrx_word' id='word_1_326' title='bbox 1610 4539 1714 4612; x_wconf 81' lang='lat' dir='ltr'>padum</span> <span class='ocrx_word' id='word_1_327' title='bbox 1729 4545 1758 4592; x_wconf 83' lang='lat' dir='ltr'>et</span> <span class='ocrx_word' id='word_1_328' title='bbox 1771 4551 1910 4607; x_wconf 78' lang='lat' dir='ltr'>equorum</span> 
     </span>
     <span class='ocr_line' id='line_1_33' title="bbox 333 4627 1908 4711; baseline 0.003 -29"><span class='ocrx_word' id='word_1_329' title='bbox 333 4630 356 4657; x_wconf 67' lang='lat'>‘⁸&#39;</span> <span class='ocrx_word' id='word_1_330' title='bbox 368 4644 466 4696; x_wconf 78' lang='lat' dir='ltr'>cursu,</span> <span class='ocrx_word' id='word_1_331' title='bbox 478 4628 567 4697; x_wconf 84' lang='lat' dir='ltr'>lucta,</span> <span class='ocrx_word' id='word_1_332' title='bbox 594 4630 681 4700; x_wconf 80' lang='lat' dir='ltr'>saltu,</span> <span class='ocrx_word' id='word_1_333' title='bbox 704 4630 830 4706; x_wconf 88' lang='lat' dir='ltr'>lapidum</span> <span class='ocrx_word' id='word_1_334' title='bbox 851 4630 944 4705; x_wconf 83' lang='lat' dir='ltr'>jactu,</span> <span class='ocrx_word' id='word_1_335' title='bbox 963 4644 992 4689; x_wconf 83' lang='lat' dir='ltr'>et</span> <span class='ocrx_word' id='word_1_336' title='bbox 1005 4632 1179 4708; x_wconf 86' lang='lat' dir='ltr'>spiculorum</span> <span class='ocrx_word' id='word_1_337' title='bbox 1197 4631 1398 4711; x_wconf 85' lang='lat' dir='ltr'>ejaculatione,</span> <span class='ocrx_word' id='word_1_338' title='bbox 1417 4650 1576 4707; x_wconf 84' lang='lat' dir='ltr'>pugnarum</span> <span class='ocrx_word' id='word_1_339' title='bbox 1602 4647 1713 4706; x_wconf 82' lang='lat' dir='ltr'>quoquo</span> <span class='ocrx_word' id='word_1_340' title='bbox 1736 4627 1908 4690; x_wconf 85' lang='lat' dir='ltr'>simulachro</span> 
     </span>
     <span class='ocr_line' id='line_1_34' title="bbox 333 4722 1912 4801; baseline 0.003 -25"><span class='ocrx_word' id='word_1_341' title='bbox 333 4723 607 4781; x_wconf 74' lang='lat' dir='ltr'>“contendebant&#39;’</span> <span class='ocrx_word' id='word_1_342' title='bbox 629 4745 657 4801; x_wconf 90' lang='lat' dir='ltr'>p.</span> <span class='ocrx_word' id='word_1_343' title='bbox 677 4731 724 4784; x_wconf 85' lang='grc'>85.</span> <span class='ocrx_word' id='word_1_344' title='bbox 767 4726 1017 4785; x_wconf 81' lang='lat' dir='ltr'>EosdemaPatru</span> <span class='ocrx_word' id='word_1_345' title='bbox 1033 4727 1165 4784; x_wconf 84' lang='lat' dir='ltr'>Roderici</span> <span class='ocrx_word' id='word_1_346' title='bbox 1184 4726 1344 4783; x_wconf 78' lang='lat' dir='ltr'>Tindelbaco</span> <span class='ocrx_word' id='word_1_347' title='bbox 1360 4727 1530 4783; x_wconf 81' lang='lat' dir='ltr'>instauratos</span> <span class='ocrx_word' id='word_1_348' title='bbox 1545 4725 1638 4791; x_wconf 80' lang='lat' dir='ltr'>fuisse,</span> <span class='ocrx_word' id='word_1_349' title='bbox 1661 4723 1747 4780; x_wconf 84' lang='lat' dir='ltr'>tradit</span> <span class='ocrx_word' id='word_1_350' title='bbox 1761 4722 1846 4789; x_wconf 88' lang='lat' dir='ltr'>idem,</span> <span class='ocrx_word' id='word_1_351' title='bbox 1874 4740 1912 4780; x_wconf 72' lang='lat' dir='ltr'>en</span> 
     </span>
     <span class='ocr_line' id='line_1_35' title="bbox 333 4815 1912 4896; baseline 0.003 -22"><span class='ocrx_word' id='word_1_352' title='bbox 333 4815 483 4874; x_wconf 76' lang='lat' dir='ltr'>Annalibus</span> <span class='ocrx_word' id='word_1_353' title='bbox 506 4819 747 4878; x_wconf 67' lang='lat' dir='ltr'>uetustis-Vide</span> <span class='ocrx_word' id='word_1_354' title='bbox 762 4825 869 4896; x_wconf 73' lang='lat' dir='ltr'>quaeda</span> <span class='ocrx_word' id='word_1_355' title='bbox 883 4822 956 4879; x_wconf 80' lang='lat' dir='ltr'>lunis</span> <span class='ocrx_word' id='word_1_356' title='bbox 981 4823 1171 4880; x_wconf 85' lang='lat' dir='ltr'>Hibernorum</span> <span class='ocrx_word' id='word_1_357' title='bbox 1187 4823 1344 4881; x_wconf 85' lang='lat' dir='ltr'>dictasunt</span> <span class='ocrx_word' id='word_1_358' title='bbox 1358 4821 1655 4895; x_wconf 73' lang='lat' dir='ltr'>inGlossar.&#39;1&#39;opogr.</span> <span class='ocrx_word' id='word_1_359' title='bbox 1669 4838 1738 4890; x_wconf 72' lang='lat' dir='ltr'>yona</span> <span class='ocrx_word' id='word_1_360' title='bbox 1760 4817 1864 4876; x_wconf 84' lang='lat' dir='ltr'>Taltin.</span> <span class='ocrx_word' id='word_1_361' title='bbox 1880 4831 1912 4878; x_wconf 75' lang='lat' dir='ltr'>et</span> 
     </span>
    </p>
   </div>
   <div class='ocr_carea' id='block_1_6' title="bbox 332 4910 1264 5060">
    <p class='ocr_par' dir='ltr' id='par_1_8' title="bbox 332 4910 1264 5060">
     <span class='ocr_line' id='line_1_36' title="bbox 332 4910 1264 4989; baseline 0.011 -23"><span class='ocrx_word' id='word_1_362' title='bbox 332 4912 364 4974; x_wconf 77' lang='lat' dir='ltr'>iu</span> <span class='ocrx_word' id='word_1_363' title='bbox 377 4910 494 4968; x_wconf 81' lang='lat' dir='ltr'>Dissert.</span> <span class='ocrx_word' id='word_1_364' title='bbox 503 4911 537 4969; x_wconf 83' lang='lat' dir='ltr'>de</span> <span class='ocrx_word' id='word_1_365' title='bbox 548 4910 691 4989; x_wconf 81' lang='lat' dir='ltr'>Religionc</span> <span class='ocrx_word' id='word_1_366' title='bbox 703 4914 843 4976; x_wconf 75' lang='lat' dir='ltr'>Etluiaur.</span> <span class='ocrx_word' id='word_1_367' title='bbox 855 4917 973 4978; x_wconf 76' lang='lat' dir='ltr'>Hibera.</span> <span class='ocrx_word' id='word_1_368' title='bbox 989 4919 1054 4978; x_wconf 85' lang='lat' dir='ltr'>MS.</span> <span class='ocrx_word' id='word_1_369' title='bbox 1068 4920 1097 4975; x_wconf 90' lang='lat' dir='ltr'>in</span> <span class='ocrx_word' id='word_1_370' title='bbox 1113 4919 1264 4976; x_wconf 72' lang='lat' dir='ltr'>Stou&#39;ense.</span> 
     </span>
     <span class='ocr_line' id='line_1_37' title="bbox 1102 5008 1122 5060; baseline 0 0"><span class='ocrx_word' id='word_1_371' title='bbox 1102 5008 1122 5060; x_wconf 80' lang='lat'>1³</span> 
     </span>
    </p>
   </div>
   <div class='ocr_carea' id='block_1_7' title="bbox 0 0 2247 6000">
    <p class='ocr_par' dir='ltr' id='par_1_9' title="bbox 0 0 2247 6000">
     <span class='ocr_line' id='line_1_38' title="bbox 0 0 2247 6000; baseline 0 0"><span class='ocrx_word' id='word_1_372' title='bbox 0 0 2247 6000; x_wconf 95' lang='lat' dir='ltr'> </span> 
     </span>
    </p>
   </div>
  </div>
 </body>
</html>
