4446 6000
784 499 1067 570 ,nunnus
1108 496 1506 569 aaronrauaas.
1812 475 1916 584 397

339 696 481 761 etcum
500 677 990 782 septentrionaliHibernia
1004 674 1211 765 Ultoniam,
1232 674 1353 752 donec
1372 701 1417 757 se,
1428 684 1684 776 opposuerunt
1699 675 1750 751 eis
1767 674 1918 754 Ultonii

329 806 470 880 -dantes
487 804 660 904 praelium
674 800 735 874 eis.
792 799 965 873 Victoria
981 823 1069 873 vero
1087 798 1136 873 de¹
1150 796 1438 874 Ultoniensibus
1455 798 1608 898 (parta)
1644 815 1682 874 et
1701 800 1920 877 ceciderunt

337 927 486 1028 plurimi
505 950 643 1015 eorum,
676 948 764 1000 curn
785 920 917 995 Aedbo
948 920 1168 1019 O'Longsig
1183 921 1287 1018 Rege
1306 921 1524 1012 Dalaradiae,
1547 934 1587 996 et
1614 946 1700 995 eum
1717 922 1834 996 Gilda
1849 923 1918 997 Pa·
1978 980 1982 989 ,

337 1050 449 1125 trieio
468 1046 675 1147 O’Serragh
692 1047 793 1145 Rege
825 1042 1074 1132 Dalbuindite,
1105 1057 1144 1117 et
1171 1067 1257 1119 curn
1290 1042 1474 1117 Dubra‘lio
1501 1042 1579 1116 filio
1599 1041 1754 1134 Cartini,
1774 1058 1918 1119 etcum

336 1174 505 1273 pluribus
520 1172 695 1246 similiter.
738 1169 910 1243 Vastatio
928 1191 1015 1242 vero
1033 1166 1195 1266 regionis
1211 1191 1330 1264 usquc
1343 1164 1571 1239 adorientem
1582 1165 1781 1259 Ardorum,
1797 1191 1920 1242 rerum

329 1295 569 1369 saecularium
596 1316 729 1391 nempe
755 1305 794 1366 et
817 1290 1066 1380 ecclesiarum,
1093 1290 1215 1366 donec
1249 1289 1484 1363 abstulerunt
1514 1289 1616 1363 mille
1649 1289 1829 1389 captivos,
1858 1292 1922 1366 vel

329 1419 451 1517 paulo
471 1417 564 1516 plus,
586 1431 623 1490 et
638 1438 748 1515 supra
764 1415 867 1489 mille
882 1438 968 1488 vero
987 1415 1109 1503 boum,
1130 1427 1169 1486 et
1185 1436 1375 1509 equorum.
1415 1411 1616 1510 Magnates
1630 1438 1719 1488 vero
1737 1413 1916 1504 Ultoniae,

337 1566 423 1615 curn
440 1565 506 1613 suo
524 1564 619 1637 rege,
639 1552 764 1637 postea
799 1535 976 1636 (profecti
1006 1536 1114 1630 sunt)
1142 1535 1403 1628 Ardmacham,
1438 1536 1485 1610 ad
1515 1539 1802 1613 conventionem
1831 1561 1920 1613 cum

339 1663 572 1752 Concobaro,
593 1664 714 1736 donec
731 1660 901 1734 fecerunt
916 1684 1056 1757 pacem,
1083 1672 1122 1732 et
1145 1657 1276 1749 foedus,
1297 1674 1335 1733 et
1353 1658 1539 1734 dederunt
1553 1660 1709 1735 obsides.
1749 1661 1919 1760 Frugum

338 1786 567 1861 abundantia
585 1809 730 1889 magna,
752 1782 933 1882 cujusque
947 1783 1104 1882 generis,
1125 1782 1376 1858 universaliter
1392 1806 1456 1882 per
1474 1797 1591 1858 totam
1612 1784 1830 1859 Hiberniam
1845 1782 1918 1859 hoc

339 1908 466 2002 anno]
485 1908 546 2004 (1)

331 2016 406 2112 'aa
433 2039 475 2125 a
492 2051 507 2107 ε
524 2050 588 2116 rrr
604 2034 631 2109 t.
684 2031 745 2104 ru.
763 2030 849 2104 Jan.
870 2029 934 2107 fer.
953 2060 987 2106 v.
1007 2033 1219 2108 Lunxxrx.
1285 2031 1404 2106 crocu
1430 2031 1570 2130 satago
1596 2036 1633 2106 u
1658 2031 1917 2108 Tauranus.

338 2154 488 2246 Concob,
505 2159 576 2234 7lo
594 2180 625 2228 o.
648 2156 687 2227 id
702 2154 891 2228 Connoclrt
909 2157 922 2226 i
936 2158 1110 2230 Mumuin
1124 2180 1206 2232 coro
1222 2156 1361 2250 uirgset
1376 2157 1441 2228 bui
1453 2155 1598 2229 Conoill
1607 2156 1748 2232 Gobbr.
1789 2156 1918 2255 Sluag.
1983 2208 1985 2213 ,
2053 2206 2055 2211 -

325 2282 374 2353 ‘lu
394 2279 501 2353 Cone.
520 2279 553 2349 le.
574 2302 608 2349 m
624 2277 798 2354 Briain7
817 2277 939 2373 lafira
958 2278 1084 2350 Murus
1110 2277 1329 2373 illuiglmiblr
1347 2301 1428 2349 coro
1451 2278 1576 2373 globis
1600 2304 1649 2353 un
1669 2282 1803 2377 giullu,
1834 2307 1921 2356 ocrea

327 2600 388 2668 ,(1)
415 2596 477 2652 Hoc
488 2613 563 2652 anno
577 2592 756 2663 Gillebertus,
771 2591 968 2651 Limericensis
982 2583 1151 2671 Episcopus,
1161 2592 1253 2667 primo
1260 2591 1381 2671 functus
1393 2602 1433 2651 eat
1448 2595 1616 2671 Apostolicoe
1626 2598 1699 2656 redis
1712 2599 1851 2676 legatione
1867 2620 1920 2677 per

329 2692 527 2767 rano-ersom
542 2690 573 2747 H
575 2689 732 2759 ibernium,’'
754 2699 786 2745 ut
800 2699 878 2765 patet
891 2708 928 2745 ex
951 2688 980 2744 S.
992 2688 1138 2747 bernardo
1151 2707 1258 2760 coaevo,
1272 2692 1301 2747 iu
1312 2690 1381 2747 Vita
1391 2691 1421 2749 S.
1435 2691 1597 2751 utalachiae.
1639 2693 1745 2753 Confer
1765 2696 1919 2757 Gillebcrti

340 2787 518 2863 Opusculum
534 2789 570 2843 de
587 2805 637 2843 usu
650 2785 862 2852 Ecclesiastico,
878 2784 906 2841 in
922 2783 1028 2840 Ueserii
1046 2783 1161 2860 Sylloge
1173 2785 1231 2842 No.
1243 2791 1293 2852 30,
1308 2806 1336 2863 p.
1348 2791 1398 2851 77.
1439 2788 1522 2846 Pallii
1535 2809 1601 2848 usus
1611 2791 1642 2848 in
1657 2791 1796 2850 Hibernia
1808 2794 1920 2868 ignotus

339 2884 392 2940 suit
405 2898 470 2940 ante
484 2891 567 2956 auru!
579 2888 643 2951 151,
659 2892 691 2940 ut
704 2881 833 2939 scribunt
847 2880 1031 2949 Hovedenus,
1045 2890 1075 2937 et
1085 2880 1238 2938 Annalium
1255 2880 1486 2941 blelrosiensium
1501 2884 1691 2945 Collectorad
1705 2907 1812 2946 annum
1823 2890 1920 2950 istum.

328 2985 359 3055 '⁴‘
377 2981 454 3055 Papa
469 2979 609 3052 Eugenius
626 2989 750 3053 quatuor
762 2976 854 3034 Pallia
867 2995 918 3052 per
931 2976 1057 3050 legatum
1077 2994 1160 3034 suum
1173 2976 1333 3035 iohannem
1351 2977 1485 3054 Papirum
1508 2980 1539 3038 in
1559 2982 1727 3040 Hiberniam
1755 2986 1921 3054 transmisit,

338 3082 359 3108 ⁴⁴
374 3093 430 3151 quo
445 3093 579 3149 nunquam
593 3082 675 3130 antea
690 3073 811 3129 Pallium
828 3071 957 3129 delatum
972 3069 1092 3155 suerat.”
1133 3072 1167 3129 ld
1188 3072 1273 3129 etiarn
1293 3093 1312 3129 a
1337 3073 1365 3130 S.
1379 3074 1525 3132 Benrardo
1538 3077 1736 3146 confirmatur,
1749 3078 1797 3135 ubi
1811 3080 1846 3135 de
1860 3080 1922 3154 ipsa

342 3168 563 3228 Ardamachana
582 3168 648 3225 sede
675 3169 775 3224 scribit
796 3172 815 3199 “
833 3165 1059 3243 Metropoliticae
1081 3167 1138 3224 sedi
1160 3168 1258 3225 deerat
1280 3167 1369 3225 udluc
1386 3168 1417 3241 (i.
1428 3188 1454 3228 e.
1467 3181 1597 3248 tempore
1620 3171 1652 3232 S.
1662 3172 1827 3243 Malachiae,
1848 3193 1925 3233 anno

341 3272 361 3299 ‘⁸
379 3267 481 3337 1139,)
504 3278 533 3322 et
547 3264 676 3323 defuerat
687 3265 720 3319 ob
735 3262 816 3320 initio
829 3263 913 3321 Pallii
930 3263 1025 3323 usus.”
1067 3263 1257 3322 Vitasutat.
1273 3264 1308 3320 ad
1323 3282 1390 3323 ann.
1402 3271 1488 3333 1139.
1532 3267 1641 3325 Deerat
1654 3269 1751 3344 itaque
1760 3268 1845 3327 Pallii
1858 3288 1925 3328 usus

340 3362 401 3439 ipso
414 3362 447 3419 S.
461 3361 624 3422 Malacbiae.
648 3359 759 3416 Primus
770 3360 816 3434 qui
830 3377 865 3415 eo
880 3358 1030 3416 decoratus
1044 3359 1246 3434 traditur„suit
1260 3359 1361 3418 Gildoe
1375 3379 1435 3418 moe
1449 3360 1532 3438 Liug,
1548 3362 1703 3423 Malachiae
1716 3383 1875 3434 successor,
1889 3366 1925 3427 da

309 3500 319 3529 ,
341 3477 397 3534 quo
411 3457 496 3534 plura
507 3455 606 3534 scripsi
620 3456 649 3513 in
663 3455 788 3513 Dissert.
799 3453 997 3523 PraeIimiauri,
1012 3455 1060 3511 ubi
1074 3464 1143 3512 aetas
1155 3455 1269 3513 Codicis
1284 3456 1430 3514 Harleiani
1445 3457 1488 3515 1v
1501 3457 1715 3535 Euangeliorum
1728 3460 1872 3527 delinitur.

329 3614 331 3619 ,
362 3553 456 3610 'Daui
474 3551 838 3619 Hibernensesnoluarunt,
864 3560 1130 3626 propterpcrpetua
1143 3550 1229 3621 bella,
1252 3552 1442 3611 obedientiam
1464 3553 1696 3613 Ecclesiastieam
1722 3556 1924 3618 Ardmachauo

340 3650 486 3707 Hiberniae
501 3649 618 3706 Primati
635 3660 776 3723 praestare,
791 3647 911 3720 ideoque
931 3649 969 3701 ab
992 3646 1223 3722 Archiepiscopo.
1237 3646 1402 3706 Cantuariae
1416 3653 1670 3719 consecrabantur,
1697 3652 1774 3726 quod
1798 3654 1925 3711 Aroma·

328 3744 423 3804 ,charri
435 3763 509 3820 aegre
524 3744 661 3809 ferebant,
675 3751 708 3798 ut
718 3752 798 3816 patet
810 3759 846 3796 ex
863 3739 1094 3797 Dubliniensium
1108 3740 1236 3817 Epistola
1247 3743 1285 3798 ad
1298 3741 1484 3819 liudulphum
1497 3742 1730 3801 cantuariensem
1744 3764 1821 3803 anno
1837 3753 1925 3818 1122,

340 3839 369 3898 iu
384 3839 500 3916 Sylloge
516 3839 573 3894 No.
589 3836 631 3904 xl,
646 3856 674 3911 p.
690 3842 757 3891 100.
799 3837 825 3891 Α
842 3833 932 3890 Danis
947 3835 1043 3910 itaque
1058 3833 1138 3892 initia
1150 3835 1210 3911 ipsa
1226 3835 1353 3893 Dominii
1370 3836 1521 3912 Anglicaai
1543 3838 1720 3898 desumenda
1733 3854 1809 3900 sunt.
1849 3842 1924 3901 Vide

342 3934 460 3991 Henrici
473 3933 497 3988 1.
514 3931 596 4006 Regis
612 3929 722 4004 Angliae
737 3927 895 4003 Epistulam
909 3929 945 3984 ad
961 3928 1157 4005 Rodulpbum,
1168 3930 1197 3988 in
1212 3929 1326 4008 Sylloge
1341 3932 1399 3990 No.
1410 3932 1462 4001 xli,
1476 3953 1505 4010 p.
1517 3940 1582 3992 101.

381 4029 423 4085 lv
438 4025 579 4102 Magistri
603 4025 640 4082 ad
668 4042 735 4082 aun.
759 4023 835 4080 hunc
851 4023 1224 4099 inquirunt-“Gollcluuau
1245 4045 1280 4083 uu
1304 4025 1321 4083 l
1341 4026 1482 4093 Aireuclt.
1497 4027 1605 4085 Olluml
1626 4028 1749 4086 iortlair
1774 4028 1892 4090 Mlidle
1914 4032 1928 4090 i

342 4122 515 4201 “filidleclt
541 4121 615 4180 dece.
657 4119 740 4178 Seoid
753 4117 991 4177 Cluana-monuit
1014 4120 1034 4176 d
1044 4118 1193 4196 soillaiucc
1205 4119 1261 4199 for
1283 4121 1377 4180 Glall.
1394 4120 1501 4181 Luinm.
1527 4123 1609 4180 iarno
1632 4144 1651 4180 a
1669 4124 1739 4200 goia
1765 4125 1800 4182 do
1814 4126 1928 4185 Gliollo

344 4228 364 4255 ‘⁶
380 4219 557 4296 Clomlgoin.
600 4217 697 4275 Giollo
711 4214 970 4291 Conrltguirrseiasia
982 4215 1019 4273 ‹lo
1033 4216 1131 4275 cerocl
1148 4217 1178 4274 ia
1190 4216 1374 4275 Dua-cluuao
1387 4217 1486 4276 Briuin
1497 4219 1525 4275 lo
1539 4218 1616 4296 Riglt
1631 4218 1723 4278 Mum.
1733 4219 1778 4278 ior
1788 4241 1824 4280 rra
1838 4223 1928 4281 lluir·

343 4322 362 4351 ‘⁴
375 4316 473 4374 lertio
488 4313 606 4372 Coacob.
621 4332 656 4371 ua
669 4333 705 4371 m.
724 4312 837 4380 Briaia,
858 4311 914 4371 &c
958 4312 1148 4389 [Gollcluana
1173 4312 1323 4371 O’Arecbt
1350 4313 1506 4384 Professor,
1529 4334 1580 4372 seu
1608 4317 1720 4375 Docror
1744 4317 1929 4379 occidentalis

342 4417 362 4448 ‘⁴
378 4414 477 4470 Midiae
493 4412 521 4468 in
535 4414 605 4469 Arte
620 4410 735 4468 Poetica
745 4408 825 4468 obiit.
866 4408 925 4468 Res
948 4407 1078 4485 pretiosae
1101 4407 1344 4466 Cluanae·m·n0is
1358 4409 1477 4468 inveutae
1501 4410 1574 4468 inter
1589 4411 1771 4488 Alienigenas
1785 4413 1930 4489 Limen'ci,

343 4513 364 4541 ‘⁴
378 4520 442 4584 post
457 4508 565 4565 sumtus
577 4526 596 4564 a
609 4504 699 4564 Gilda
714 4504 981 4565 Herium-Gildas
995 4503 1121 4561 Kerinus
1142 4503 1207 4560 ideo
1221 4503 1304 4562 furca
1316 4522 1468 4581 suspensus
1482 4507 1558 4583 apud
1574 4509 1679 4565 Arcem
1698 4507 1790 4566 Cluan
1806 4509 1930 4582 Brian,a

343 4609 363 4638 “
377 4606 454 4678 Rege
466 4603 633 4672 Momoniae,
644 4612 794 4680 postquam
806 4621 841 4658 eo
854 4602 958 4661 ductus
973 4609 1017 4658 est
1029 4599 1158 4677 captivus
1171 4617 1189 4656 a
1202 4598 1374 4658 Concobaro
1388 4599 1570 4675 O'Brian.’'].
1580 4641 1590 4659 .
1600 4640 1609 4658 .
1620 4607 1656 4660 .“
1668 4601 1752 4660 Meua
1773 4622 1833 4660 mor
1845 4623 1879 4664 ur
1892 4625 1931 4669 aa

343 4706 363 4734 ‘¹
376 4697 478 4756 luilibl
491 4699 605 4756 clruad.
628 4699 697 4755 ettir
708 4698 803 4769 clauo,
826 4694 1015 4766 dearclaoibl,
1038 4699 1057 4758 7
1071 4694 1217 4755 aillloiil.
1238 4694 1375 4774 [Frugum
1390 4697 1568 4755 abundantia
1581 4715 1683 4771 magna
1694 4696 1723 4755 in
1737 4701 1870 4760 omuibus
1883 4721 1930 4761 ar·

343 4802 363 4829 ¹⁸
379 4797 494 4855 boribus
509 4806 566 4853 tam
580 4813 698 4869 nucum,
710 4814 795 4873 quam
810 4794 1007 4873 glaudium,et
1017 4790 1214 4871 pomorum.”]

1102 4895 1153 4952 Fr
1161 4896 1175 4951 1
