4446 6000
357 532 463 626 alo
791 551 1054 623 anastas
1098 550 1502 616 veronenses.

358 732 559 807 Abbatissa
580 733 674 809 cirre
711 734 800 809 doro
833 732 1073 807 dormierunt.
1129 730 1302 805 Ceallaclr
1335 751 1412 801 moe
1446 727 1570 801 Broirr
1601 728 1638 801 ri
1675 727 1814 827 Laigr'n
1843 731 1944 830 [Rex

360 852 564 953 Lageniaer
611 866 635 938 7
663 856 802 932 Cirtaed
836 880 915 929 mac
966 853 1141 950 Concing,
1170 853 1253 927 Rex
1283 851 1438 925 Tetlrbae
1468 850 1609 923 mortui
1642 863 1740 926 sunt
1811 853 1945 932 Scione

360 999 440 1053 moe
457 980 642 1071 -Artraelr,
670 1005 736 1055 rex
758 979 1018 1077 Mogltdlrorrte
1044 979 1153 1066 nuile,
1187 978 1267 1072 [rex
1295 974 1412 1048 totius
1436 974 1689 1072 Mogdorniae]
1720 976 1942 1054 interfectus

359 1117 416 1181 est
449 1129 472 1178 a
505 1102 679 1178 fratribus
697 1104 782 1179 suis.
838 1102 1023 1178 Concobar
1049 1124 1128 1174 moe
1151 1100 1189 1173 irr
1217 1098 1356 1172 Aelello
1388 1095 1533 1170 occisus
1563 1109 1620 1171 est
1648 1122 1672 1171 a
1699 1097 1877 1175 fratribus
1895 1128 1939 1176 ss.

355 1225 575 1325 ‚Coagalaclt
593 1251 672 1303 mac
705 1226 882 1325 Oengaso
900 1251 966 1300 rex
1001 1224 1147 1322 generis
1165 1220 1370 1318 Loegltoire
1387 1217 1554 1293 moritur.
1611 1220 1824 1297 Tuatlrcltor
1841 1223 1939 1323 Epis,

357 1349 535 1435 78111118
554 1350 648 1424 Cille
675 1352 765 1424 doro
796 1347 901 1423 obiit.
971 1345 1071 1420 Cart
1088 1343 1165 1443 for
1181 1344 1324 1422 Germti
1352 1367 1418 1415 rea
1434 1340 1668 1418 Danaelroelr
1695 1369 1773 1418 mae
1804 1345 1941 1421 Scana-

353 1473 441 1545 laia
458 1472 599 1568 right.
617 1470 785 1569 Fidgenrr
798 1472 829 1544 a·
847 1473 895 1544 dtr
913 1470 1120 1544 itorcrator
1138 1469 1191 1541 ili.
1230 1465 1404 1563 Orggairt
1422 1462 1713 1540 Gliarredalocltu
1728 1492 1748 1540 o
1765 1467 1939 1544 Geaatib.

361 1593 597 1692 Orggoinl
553 1594 663 1669 Slane
678 1606 703 1676 7
719 1594 932 1669 Finnudrac
949 1594 1062 1667 labae
1078 1616 1098 1663 o
1114 1590 1317 1666 Genntib.
1343 1589 1509 1663 Loscodlt
1525 1587 1583 1662 Cl.
1605 1615 1661 1663 me
1675 1591 1752 1664 noir
1767 1614 1816 1665 ert
1844 1618 1939 1692 mag.

359 1743 395 1816 p.
411 1731 459 1793 te.
479 1716 584 1792 Gaia
606 1717 782 1791 Broccain
799 1741 853 1790 me
871 1714 1094 1791 Condercum
1107 1712 1323 1786 ianoidlmiu
1339 1710 1522 1807 [Praelium
1540 1727 1673 1786 contra
1693 1715 1865 1788 Gentiles
1881 1740 1944 1814 per

362 1838 530 1914 Dnncha
545 1839 664 1913 filium
683 1840 892 1927 Scannlani,
912 1862 1035 1935 regern
1061 1834 1351 1934 Fidgentiorum,
1388 1835 1428 1906 in
1456 1861 1532 1932 quo
1549 1835 1661 1910 occisi
1679 1851 1768 1909 runt
1780 1838 1939 1935 plurimi.

363 1963 535 2037 Vastatio
555 1962 786 2037 Glindaloch
802 1988 824 2034 a
842 1961 1065 2036 Gentilibus.
1119 1957 1289 2032 Vastatio
1305 1957 1445 2046 Slaniae,
1464 1971 1503 2031 ct
1515 1957 1686 2032 Abbatiae
1702 1959 1943 2033 Finnulrrnch

362 2109 386 2158 a
403 2086 632 2161 Gentilibus.
688 2083 1080 2158 CombustioCluanae
1104 2106 1188 2155 mac
1224 2081 1305 2154 nois
1329 2105 1379 2155 ex
1410 2080 1538 2179 majori
1558 2092 1668 2178 purte.
1723 2082 1870 2154 Vulnus
1891 2084 1942 2155 le·

364 2208 463 2285 thale
477 2208 658 2282 Broccani
674 2208 740 2280 filii
760 2207 1018 2281 Cendercani
1011 2232 1050 2279 rn
1065 2204 1272 2279 stomacho.
1278 2206 1293 2299 ]

360 2336 430 2413 511.
448 2333 544 2411 mttt
558 2351 622 2418 777
637 2333 690 2409 117
709 2330 822 2429 Sloglr
840 2334 877 2405 la
896 2331 1009 2405 Niall
1026 2355 1064 2404 co
1083 2329 1247 2425 Laignirr
1264 2352 1328 2402 corr
1346 2352 1386 2399 ro
1401 2329 1567 2423 digestor
1583 2352 1619 2400 rr
1612 2323 1810 2424 sororbu·
1822 2329 1939 2415 Bran,

235 2446 238 2450 “
362 2480 440 2533 mac
458 2456 607 2530 Foelon.
637 2453 777 2529 Cirracd
793 2478 870 2526 mac
888 2453 995 2526 Neill
980 2456 1065 2525 lmc
1081 2450 1227 2524 Aedo
1199 2475 1290 2547 Jug.
1312 2454 1398 2523 estl
1383 2450 1505 2523 lolrul
1489 2453 1556 2523 lm
1610 2452 1756 2525 Innred
1769 2451 1877 2527 Mida
1908 2457 1945 2527 lo

363 2579 410 2654 N
411 2580 480 2652 iall
510 2602 577 2650 eon
601 2601 642 2650 ro
673 2576 793 2649 losead
814 2599 879 2647 corr
905 2574 974 2647 dici
1006 2578 1085 2648 teclt
1119 2574 1368 2646 Moelclrorroe.
1424 2571 1648 2649 Cuntaseoolt
1674 2599 1753 2648 moe
1770 2574 1946 2672 Oertgara
2018 2658 2022 2665 ‚

364 2699 501 2797 Secnap
517 2698 575 2774 Cl.
591 2723 646 2772 mc
657 2701 734 2772 nois
750 2722 840 2770 mor.
871 2695 1041 2793 Orggain
1053 2696 1226 2771 Ferocem
1242 2710 1265 2777 7
1280 2698 1427 2771 Cluana
1440 2722 1537 2771 moer
1549 2698 1726 2773 Moedlroc
1738 2724 1758 2773 o
1768 2700 1942 2776 Genntib.

367 2821 721 2900 coementariam
739 2822 944 2894 Ardmoeae
971 2821 1007 2892 o'·
1028 2819 1211 2894 Forinnort
1228 2847 1248 2893 o
1267 2819 1609 2895 Raitltirrnmlraloir
1625 2824 1734 2896 innon
1753 2823 1943 2898 Derrnota.

369 2944 585 3042 [Exercitus
615 2943 753 3017 ductus
784 2967 806 3015 a
834 2942 962 3016 Niallo
979 2943 1025 3016 ad
1046 2943 1302 3042 Lagenienses,
1333 2944 1453 3018 donec
1484 2944 1728 3020 instituerunt
1751 2945 1791 3018 in
1807 2946 1946 3043 Regem

367 3278 465 3327 tanum
477 3256 578 3323 Pictici
591 3263 679 3339 Regni
694 3260 808 3320 excidio
821 3262 1016 3338 supervixisse,
1028 3272 1108 3338 patet
1122 3283 1160 3320 ex
1181 3262 1295 3320 Asseria
1319 3265 1354 3321 de
1373 3264 1443 3323 Vita
1465 3265 1594 3336 Aluredi,
1618 3285 1655 3323 ex
1673 3264 1777 3324 Chron.
1792 3265 1882 3326 Soron
1908 3268 1946 3329 etl

365 3366 510 3429 188881,
532 3378 569 3417 ex
583 3357 858 3426 Fudiolltleloerdo,
871 3364 943 3414 etex
956 3357 1032 3416 Flor.
1049 3356 1174 3436 Wigorn.
1186 3376 1221 3417 eo
1235 3360 1310 3416 enim
1326 3376 1412 3430 anno,
1427 3360 1525 3419 Dnnos
1539 3360 1680 3419 Sandaricl
1694 3362 1845 3438 superavit.

369 3455 509 3523 Boetlirrs,
524 3474 561 3513 ex
581 3456 649 3512 fleto
669 3450 696 3511 V
695 3453 847 3522 cremando,
868 3454 959 3528 inquit
983 3454 1193 3512 AEthelstanum
1204 3455 1371 3512 occubuisse
1386 3456 1531 3532 postremis
1546 3457 1720 3532 temporibus
1737 3456 1838 3513 Arlor'r‘
1850 3456 1946 3514 Scoto-

368 3570 428 3609 rum
443 3550 540 3627 Regis,
555 3570 639 3627 quem
656 3569 726 3607 cano
743 3556 812 3618 819,
837 3557 865 3607 et
896 3549 993 3626 Huagi
1015 3549 1193 3625 Principatus
1213 3551 1241 3606 io
1256 3549 1352 3608 Pictor
1363 3552 1416 3620 Vl,
1430 3552 1530 3609 obiisse
1543 3550 1652 3619 asserit,
1673 3550 1729 3608 lroc
1746 3565 1790 3610 est
1801 3554 1882 3610 annis
1899 3560 1947 3624 17,

368 3647 446 3724 prius
460 3667 546 3723 quarn
561 3647 602 3703 vel
616 3645 811 3716 Athelstanus,
825 3646 869 3704 vel
884 3659 967 3723 pater
981 3647 1044 3722 ejus
1061 3647 1090 3703 in
1104 3646 1200 3704 locum
1215 3646 1331 3722 Egberti
1347 3646 1525 3706 successisset
1535 3645 1766 3704 l-Brt'clanorrrrs
1780 3649 1947 3707 vitiumhoc

367 3746 489 3819 effugere
503 3743 629 3819 cupiens,
641 3742 670 3798 in
685 3739 763 3798 aliud
779 3742 890 3813 incidit,
913 3741 1081 3801 AEthelstani
1099 3742 1208 3800 obitum
1223 3744 1343 3801 reserens
1358 3742 1472 3820 quidam
1486 3754 1516 3801 at
1536 3752 1667 3820 tempora
1681 3742 1792 3812 Aclroii,
1813 3746 1861 3802 sed
1876 3745 1946 3803 falso

368 3858 492 3899 asserens
507 3839 592 3896 luisse
603 3841 622 3871 “
633 3838 741 3911 Regem
752 3837 912 3907 Bonorum,
920 3839 965 3896 cui
976 3838 1215 3896 Nortlrumbriarn
1227 3841 1264 3896 ab
1276 3839 1405 3897 Alunado
1413 3856 1576 3896 concessum
1587 3839 1671 3897 fuisse
1680 3839 1763 3915 Angli
1772 3839 1948 3899 declarant.”

368 3935 481 3994 Buclorr
492 3937 513 3992 l.
524 3942 552 4002 5,
563 3954 628 4011 pag.
645 3941 710 3991 151.
754 3935 917 4009 Prodigiosa
929 3945 996 3991 sunt
1008 3910 1080 4002 11111,ἱ
1108 3936 1238 3992 nativitas
1252 3934 1329 3992 enim
1349 3934 1469 3992 Aluredi
1480 3953 1555 3992 antro
1567 3941 1636 4003 849,
1648 3936 1787 4011 posterior
1800 3946 1843 3994 est
1857 3946 1945 3995 morte

370 4039 471 4096 Acltair'
482 4039 562 4096 annis
577 4045 627 4107 30,
639 4049 668 4095 et
682 4036 858 4095 Aetlelrtani
873 4056 947 4094 mors
958 4049 1049 4095 morte
1060 4037 1160 4095 llelroii
1173 4039 1253 4094 aruris
1267 4057 1324 4095 non
1339 4039 1430 4095 minus
1444 4043 1494 4106 70,
1507 4039 1548 4097 uti
1558 4051 1640 4116 putet
1655 4059 1691 4096 ex
1707 4040 1831 4109 Asseria,
1844 4053 1872 4097 ct
1886 4042 1948 4098 aliis

368 4133 510 4207 praedictis
521 4134 557 4188 ad
572 4152 635 4190 ann.
654 4138 722 4198 878,
738 4139 808 4202 889,
824 4140 893 4203 891,
908 4133 1019 4191 collatis
1028 4151 1096 4211 cum
1108 4133 1348 4191 Molrneslrnriense
1358 4135 1394 4191 de
1403 4133 1485 4190 Gest.
1503 4134 1571 4209 Reg.
1588 4135 1606 4192 l.
1620 4140 1649 4202 2,
1664 4143 1729 4193 c.4.
1751 4136 1795 4193 Ex
1810 4136 1852 4191 his
1866 4148 1946 4211 patet

369 4242 455 4302 quarn
476 4224 546 4280 lalso
568 4229 692 4284 scribunt
716 4228 805 4296 Senti,
830 4231 938 4305 signum
954 4228 1054 4286 Crucis
1079 4229 1241 4287 &Andreae
1262 4231 1290 4286 in
1315 4249 1381 4286 aere
1406 4232 1578 4305 apparuisse,
1601 4250 1658 4306 quo
1673 4242 1799 4305 ternpore
1826 4229 1947 4304 Hrngas

369 4320 577 4379 AEthelstanum
591 4318 688 4394 praelio
701 4325 853 4396 superavit,
876 4337 906 4382 et
929 4325 964 4382 ad
980 4336 1065 4382 tantae
1080 4326 1204 4383 victoriae
1217 4327 1383 4383 memoriam
1408 4325 1641 4392 conservandam,
1656 4325 1776 4382 Crucem
1796 4325 1879 4380 istam
1895 4345 1946 4399 pro

368 4415 480 4493 insigni,
504 4413 637 4488 deinceps
664 4432 681 4468 a
708 4414 800 4471 Sentis
825 4432 988 4493 usurpatam
1014 4422 1098 4478 luisse
1120 4421 1294 4480 fabulantur.
1328 4423 1413 4479 Hanc
1434 4421 1537 4478 anilem
1565 4420 1708 4496 ineptiam,
1730 4438 1766 4474 ox
1793 4419 1947 4479 Scotorum

370 4526 400 4573 st
413 4513 585 4589 Anglorum,
608 4509 641 4565 de
666 4509 837 4583 antiquitate
851 4515 1095 4583 contendentium,
1121 4518 1327 4580 contmvorsiis,
1354 4517 1489 4587 originem
1505 4517 1644 4582 habuisse,
1659 4514 1839 4572 trinnilestum
1855 4528 1895 4573 c'st
1910 4538 1946 4576 ex

369 4613 389 4645 “
404 4603 550 4667 Scotorum
574 4604 730 4681 Apologiu''
747 4606 783 4659 ud
800 4605 977 4662 Bonilaciurn
991 4608 1075 4679 Vlll,
1094 4590 1268 4678 8811813111,
1292 4633 1328 4669 ex
1355 4621 1373 4646 “
1388 4613 1517 4670 llnlrlrctr'
1539 4611 1643 4668 aaran
1658 4610 1773 4667 Procssrr
1786 4615 1946 4690 eontrafig·

368 4714 459 4761 arrato
473 4705 561 4781 Regis
573 4701 711 4779 Arrglirr,''
725 4720 756 4759 ca
771 4700 909 4777 Borrifncii
922 4702 1004 4771 Vlll,
1019 4704 1098 4762 Balla
1113 4709 1178 4765 anni
1196 4715 1281 4778 1999,
1303 4719 1331 4764 et
1345 4729 1380 4765 es
1399 4708 1558 4784 Drnpstcrr‘
1578 4710 1717 4786 Apparet.
1730 4710 1767 4766 ad
1782 4708 1856 4773 ltin.
1871 4711 1949 4774 Scor.

371 4794 391 4854 l.
404 4803 432 4866 a,
445 4804 557 4871 rats
