4446 6000
319 501 419 605 tuti
702 527 1146 597 annornrrortss
1184 526 1262 592 an
1299 526 1423 592 amc.
1440 529 1579 596 7111.

313 737 403 797 equos
415 716 605 786 Britannicos,
614 723 644 775 et
657 710 697 773 60
706 715 807 774 uncias
818 714 894 785 auri,
913 720 942 770 et
953 710 1090 768 Gladium
1103 709 1213 779 Caroli,
1235 717 1265 767 et
1278 710 1391 769 obsides
1406 711 1601 771 Hibernorum
1615 731 1688 790 quus
1699 715 1733 774 iu
1745 727 1903 800 mpetu-

314 833 376 883 tate
387 824 520 893 habebat,
533 821 689 898 prasertim
704 818 845 896 Lagania,
871 826 901 877 et
911 816 1020 875 dimidii
1034 813 1263 892 septentrionalis
1278 815 1435 886 Hibernia,
1450 827 1480 874 et
1493 813 1533 874 60
1542 819 1641 876 uncias
1655 824 1766 897 argenti
1779 843 1833 901 pro
1848 829 1904 890 im·

314 928 407 1006 pansis
416 927 538 985 durante
549 924 723 1002 captivitate.

357 1032 387 1088 Si
397 1049 464 1108 ergo
478 1028 564 1100 Dani,
581 1028 641 1105 qui,
656 1027 809 1086 fatentibus
820 1025 961 1093 omnibus,
973 1021 1127 1100 pecuniam
1138 1020 1283 1077 habebant
1296 1038 1404 1090 cusam,
1416 1039 1518 1080 aunam
1526 1031 1623 1083 tamen
1636 1033 1668 1084 et
1679 1037 1830 1104 argentum
1842 1049 1904 1094 noa

315 1153 473 1204 numerare,
494 1133 546 1191 sed
572 1133 678 1192 librare
701 1133 841 1201 solebant,
864 1132 1003 1207 quianon
1026 1126 1102 1183 videt
1115 1123 1284 1200 precipitem
1308 1142 1370 1181 csse
1385 1124 1530 1198 judicium
1544 1147 1647 1188 eorum
1660 1133 1722 1208 qui,
1745 1153 1782 1192 ex
1798 1139 1902 1199 ωὼῃ

317 1257 395 1297 more
407 1239 519 1315 rigente
534 1237 563 1294 in
578 1237 729 1307 Hibernia,
744 1237 894 1314 pecuniam
908 1251 1007 1292 cusam
1019 1229 1154 1287 Hibernis
1173 1227 1284 1303 penitus
1301 1227 1427 1302 ignomin
1440 1227 1706 1304 suissededucuuti
1748 1237 1822 1307 Quis
1843 1258 1903 1301 aon

316 1342 390 1399 videt
400 1342 436 1399 de
450 1339 598 1417 indigenis,
612 1341 711 1399 saltem
725 1359 809 1417 equo
817 1340 884 1415 jure
894 1336 1050 1395 dicendum
1065 1352 1127 1392 esse
1143 1332 1220 1408 quod
1234 1333 1270 1389 de
1286 1331 1387 1396 Daris,
1398 1333 1556 1408 praesertim
1566 1354 1634 1395 caat
1643 1339 1905 1404 utimuumailata

319 1447 507 1524 propecuniae
519 1465 571 1504 usu
580 1445 609 1502 in
624 1445 774 1514 Hibernia,
783 1443 945 1518 antiquiora
955 1440 1011 1496 sint
1025 1457 1109 1514 qnam
1119 1436 1178 1494 ulla
1185 1454 1250 1512 quae
1264 1437 1422 1493 afferuntur
1428 1456 1482 1513 pro
1493 1440 1621 1499 barbaris
1640 1441 1702 1502 istis
1712 1447 1902 1507 vastatoribus

319 1550 365 1627 qui
380 1551 518 1628 quidquid
533 1549 695 1607 liberalium
708 1548 823 1607 Artium
836 1547 989 1612 habebant,
997 1543 1025 1599 id
1046 1541 1181 1598 Hibernis
1194 1550 1347 1615 acceptum
1364 1539 1467 1599 referre
1478 1553 1619 1611 teneatur,
1627 1547 1694 1625 ipsis
1707 1551 1860 1614 fatentium
1872 1572 1906 1615 η

316 1657 442 1732 primurn
455 1656 484 1712 in
501 1656 649 1724 Hibernia,
673 1673 780 1711 annum
795 1651 908 1709 circiter
917 1651 989 1718 948,
1013 1646 1098 1702 iidem
1109 1644 1213 1701 Christi
1223 1644 1366 1713 didicisse,
1377 1659 1407 1703 et
1416 1649 1543 1723 primum
1554 1652 1780 1714 Ostmanuururn
1794 1658 1905 1736 Regum

320 1761 368 1836 qui
381 1760 465 1818 istam
481 1758 564 1815 fidem
577 1759 725 1836 amplexus
737 1768 790 1824 est,
809 1754 893 1812 fuisse
907 1750 1095 1829 probabiliter
1107 1748 1245 1806 Aululum
1257 1748 1353 1806 Sitrici
1367 1752 1469 1823 filiunt,
1491 1755 1540 1832 qai
1561 1757 1591 1815 in
1606 1758 1710 1818 Prelio
1722 1763 1906 1835 Temerense,

316 1881 336 1921 a
357 1860 537 1920 Meluchlino
551 1863 627 1938 Rege
640 1861 788 1920 Hibernia
799 1862 902 1928 victtu,
916 1858 959 1915 uti
973 1854 1090 1915 tradunt
1102 1852 1132 1911 lti
1144 1852 1269 1910 Annales
1282 1853 1319 1911 ad
1338 1874 1445 1914 anuum
1458 1862 1531 1929 979,
1545 1860 1605 1919 filio
1626 1863 1783 1938 &gistau
1795 1869 1905 1938 ocem,

323 1966 460 2027 attractis
473 1947 597 2043 midique
605 1966 861 2041 viribus‚Hyonana
875 1960 998 2029 secessit,
1012 1968 1098 2033 atque
1111 1957 1161 2024 ibi,
1172 1956 1227 2033 [uti
1239 1970 1356 2016 narrant
1364 1963 1491 2021 Annales
1505 1964 1651 2024 ilibamici
1661 1967 1765 2027 insule
1775 1972 1906 2031 omnium

321 2069 506 2145 Sanctorum]
520 2088 637 2130 maerore
653 2067 799 2128 conlectus
812 2065 958 2125 occubuit.
998 2062 1105 2121 Utrum
1116 2061 1180 2119 vita
1194 2061 1367 2137 penituerit,
1381 2065 1425 2122 vel
1436 2067 1539 2142 potius,
1553 2069 1779 2142 rebmadrersis,
1789 2074 1905 2134 Mundo

323 2172 491 2230 valedixerit
501 2173 613 2243 invitus,
627 2174 810 2250 quarendum
826 2190 883 2230 non
897 2188 1005 2229 censeo.
1051 2167 1130 2225 Dum
1155 2167 1303 2238 morimur,
1317 2168 1390 2227 ideae
1402 2188 1498 2229 rerum
1509 2189 1566 2229 uon
1580 2192 1616 2231 ea
1628 2174 1738 2237 ratione
1752 2186 1905 2238 recurram

322 2297 380 2356 qua
392 2298 453 2337 sese
465 2278 546 2336 nobis
561 2278 678 2336 florente
687 2277 851 2337 valetudine
863 2276 1040 2342 obtulerunt,
1064 2291 1100 2330 ac
1114 2271 1233 2349 proinde
1249 2272 1381 2348 baptismi
1394 2274 1510 2332 lavacro
1523 2290 1723 2352 regeneratum
1736 2280 1833 2352 tuisse,
1855 2285 1905 2362 pia

323 2383 417 2461 potius
430 2383 615 2451 credendum,
638 2402 725 2460 quam
739 2393 867 2440 veterum
882 2380 937 2438 fide
951 2377 1132 2438 asserendum
1146 2386 1197 2435 est.
1208 2378 1252 2448 (l)
1306 2377 1478 2437 Recentiora
1489 2398 1550 2438 esse
1564 2385 1696 2457 qwdam
1717 2402 1756 2443 ex
1769 2385 1907 2446 moranus

321 2485 454 2543 adductis
466 2485 645 2554 testimoniis,
670 2495 771 2564 utpote
796 2486 946 2543 Danorum
967 2482 1103 2541 adventui
1124 2480 1291 2558 posteriora,
1315 2500 1373 2539 nou
1392 2481 1513 2552 inficior,
1536 2484 1597 2542 alia
1608 2497 1708 2544 autem
1721 2489 1851 2548 seculum
1860 2489 1910 2551 viii

277 2597 280 2606 “
321 2587 491 2664 precedere,
500 2605 583 2645 nemo
596 2589 730 2645 cordatus
741 2589 847 2666 poterit
859 2588 1006 2664 denegare.
1017 2587 1063 2644 Ad
1076 2606 1162 2645 omne
1176 2587 1296 2644 dubium
1306 2585 1463 2645 tollendum
1476 2589 1645 2648 amaccura
1657 2591 1744 2649 liceat
1754 2605 1819 2670 qtne
1826 2610 1909 2654 secu·

323 2691 357 2748 lis
372 2691 410 2758 V,
422 2689 477 2760 Vl,
486 2699 517 2747 et
527 2690 584 2747 Vll
594 2691 632 2749 de
641 2687 794 2748 chrismate
808 2693 962 2750 traduntur
975 2692 1004 2748 in
1012 2690 1127 2768 Regulis
1138 2690 1307 2749 Mouasticis
1321 2686 1466 2767 Congedi,
1475 2689 1622 2763 cumba,
1633 2691 1805 2767 columbarii,
1814 2704 1846 2754 et
1855 2695 1910 2755 ali·

324 2812 418 2861 orum,
432 2792 480 2868 qui
495 2789 644 2850 Cirimrale
658 2814 756 2853 secum
767 2815 948 2874 quocumque
960 2797 1043 2865 irent,
1057 2795 1166 2854 deferre
1188 2795 1291 2852 assueti
1305 2803 1396 2851 erant.
1437 2794 1472 2852 lu
1487 2795 1681 2855 Paratouron
1694 2797 1725 2856 S.
1735 2798 1910 2859 columbani

326 2897 492 2975 precipitur
504 2908 538 2954 ut
559 2901 578 2930 ‘⁴
599 2898 649 2974 qui
660 2899 865 2959 oblitusiuerit
875 2899 1021 2970 chrismal,
1041 2919 1160 2978 pergens
1174 2899 1275 2975 procul
1288 2901 1325 2956 ad
1339 2918 1412 2976 opus
1428 2899 1557 2976 aliquod,
1573 2901 1666 2978 quinis
1679 2903 1831 2979 quinquies
1848 2920 1912 2981 per·

321 3009 343 3037 ⁴⁶
365 3003 541 3071 suasionibus
555 3003 719 3077 subjacea''
757 3006 849 3081 Atqui
869 3002 1012 3062 Cirismul
1028 3023 1077 3062 ras
1089 3004 1235 3080 quoddam
1248 3002 1332 3060 luisse
1345 3001 1454 3080 fragile,
1472 3024 1510 3063 err
1537 3024 1573 3061 ao
1593 3015 1684 3082 patet,
1703 3009 1780 3083 quod
1800 3007 1909 3067 ibidem

323 3113 344 3140 ⁴‘
365 3109 420 3166 Cui
431 3108 571 3167 Chrismal
584 3108 730 3176 ceciderit,
750 3118 781 3166 et
791 3108 863 3166 uili!
874 3107 1060 3184 corfi'ingenr,
1075 3108 1115 3165 xii
1128 3107 1375 3184 percussionibus”
1386 3109 1565 3184 castigandus
1578 3117 1733 3168 statuatur.
1742 3111 1788 3184 (ἵ)
1820 3109 1911 3168 Ceut·

324 3212 414 3287 gallus
438 3211 466 3268 in
489 3228 589 3288 agrum
609 3210 756 3268 laborandi
768 3230 856 3269 causa
870 3213 1021 3288 proiectus,
1043 3211 1195 3269 Ciriamule
1208 3231 1292 3269 suum
1313 3231 1399 3288 supra
1420 3224 1526 3270 vestem
1539 3232 1622 3271 suam
1635 3214 1740 3290 posuit,
1752 3214 1830 3291 qtmd
1842 3231 1911 3272 cum

325 3316 454 3374 Gentiles
469 3316 541 3374 Picti
555 3334 590 3372 eo
604 3315 740 3373 irruentes
754 3315 893 3382 viderent,
902 3315 1043 3393 Corngalli
1060 3317 1158 3374 Deum
1172 3336 1232 3374 esse
1243 3317 1306 3384 rati,
1321 3336 1386 3374 eum
1399 3318 1567 3393 contingere
1579 3320 1750 3377 timuerunt.
1767 3319 1814 3389 (3)
1831 3316 1911 3375 iiiut

329 3422 442 3478 uidetur
455 3431 506 3478 aut
519 3420 665 3496 capsulam
690 3418 775 3476 fuisse
801 3418 1006 3495 Reliquiarum,
1027 3419 1103 3476 collo
1117 3421 1237 3497 appendi
1253 3421 1377 3491 solitam,
1391 3441 1478 3498 quarn
1491 3422 1589 3481 Graeci
1601 3422 1739 3498 ateolpien
1759 3421 1908 3485 minuto

330 3525 373 3580 uti
386 3534 467 3600 putat
486 3521 682 3591 Mobillouius,
699 3522 745 3593 (t)
757 3534 809 3580 aut
824 3523 981 3581 vasculum
1004 3523 1067 3582 oleo
1081 3526 1233 3583 benedicto
1247 3525 1374 3600 plenum,
1397 3526 1434 3581 ad
1460 3524 1665 3600 consignandos
1676 3533 1808 3599 egrotos,
1827 3521 1909 3595 cujus

330 3630 510 3698 Fortunatus,
526 3628 649 3685 scribens
659 3629 756 3685 seculo
765 3627 966 3698 Vl,meminit,
979 3634 1026 3702 (5)
1041 3640 1093 3687 aut
1107 3630 1182 3705 quod
1197 3650 1248 3706 ego
1273 3631 1378 3705 potius,
1397 3641 1426 3687 et
1442 3649 1494 3706 pro
1508 3641 1588 3689 certo
1601 3628 1743 3696 existimo,
1756 3624 1912 3684 vasurtue

328 3735 357 3791 in
372 3754 429 3811 quo
441 3734 547 3792 Christi
561 3735 672 3811 Corpus
682 3736 891 3802 asservabatur,
909 3734 950 3792 uti
961 3753 998 3791 ex
1013 3734 1140 3810 pluribus
1157 3734 1324 3791 testimoniis
1335 3737 1421 3810 plane
1437 3734 1614 3792 demonstrat
1627 3734 1678 3792 Du
1685 3733 1821 3809 Cattgius,
1838 3751 1912 3808 praa·

328 3841 406 3897 dicta
420 3838 591 3897 Columbani
606 3841 702 3908 rerba,
713 3839 787 3896 inter
799 3839 856 3896 alia
864 3829 1057 3897 non'obscura
1069 3839 1238 3915 producens.
1252 3836 1297 3912 (b')
1310 3840 1381 3895 llem
1395 3838 1583 3897 certissimam
1595 3838 1689 3896 reddit
1700 3837 1779 3915 quud
1790 3836 1912 3895 Colun-

328 3946 419 4002 benus
439 3945 469 4003 in
490 3945 589 4000 eudem
604 3943 724 4017 Regula,
738 3960 761 3999 c.
780 3949 826 4006 15,
840 3944 888 4000 cui
903 3944 1002 4001 titulus
1033 3949 1052 3976 “
1066 3945 1112 4001 De
1126 3945 1297 4020 negligentia
1309 3942 1542 4019 Sacrificiorum?
1583 3947 1604 3978 ‘⁴
1618 3943 1679 4011 Qut
1693 3943 1808 4019 negligit
1819 3940 1915 3999 Sacri·

330 4055 349 4080 “
372 4050 479 4117 ficium,
493 4048 596 4125 inquit,
605 4047 628 4104 si
641 4047 825 4104 immutatum
835 4047 932 4118 suerit,
942 4059 971 4104 et
984 4048 1064 4125 panis
1076 4050 1202 4107 amiserit
1216 4067 1357 4125 saporem,
1368 4049 1391 4106 si
1404 4049 1487 4105 ηιὸιιι
1498 4047 1598 4107 colore
1608 4067 1648 4105 xx
1657 4047 1758 4105 diebus
1771 4045 1914 4121 paeniteat,

331 4157 350 4184 “
373 4153 394 4208 si
408 4151 593 4226 hyacintino,
608 4173 645 4209 xv
658 4152 757 4210 diebus
770 4154 912 4229 ptcniteat.
954 4152 1014 4221 Qut
1025 4164 1121 4210 autern
1134 4153 1266 4211 merserit
1277 4153 1463 4222 sacrificium,
1483 4151 1621 4209 continuo
1634 4151 1835 4222 bibataquarn‚
1848 4161 1914 4220 qttae

330 4257 350 4285 ⁴‘
373 4251 401 4307 io
412 4250 659 4323 ctrmtefuerit,
670 4268 699 4312 et
710 4256 889 4320 Sacrificium
902 4258 1067 4316 comedat.'’
1080 4260 1122 4333 (7)
1133 4256 1283 4316 Cumeuuus
1311 4259 1340 4315 in
1364 4258 1503 4315 Mensura
1514 4254 1745 4314 Pteniteutiaruru
1758 4249 1852 4324 capite
1866 4252 1917 4316 1³,
1968 4330 1972 4334 ι

347 4542 390 4607 (1)
409 4540 509 4590 Plurimi
521 4539 672 4588 confundunt
681 4539 741 4587 duos
752 4539 860 4598 Aulaios,
870 4552 895 4591 et
905 4545 965 4594 dues
975 4541 1081 4597 Sitricos.

346 4624 389 4688 (2)
406 4624 498 4686 Regula
509 4623 645 4671 constiutit
656 4619 680 4667 S·
694 4620 839 4670 columbani
850 4625 917 4672 edita
927 4627 953 4673 in
964 4627 1128 4677 Collectaneis
1138 4630 1247 4680 Sucriae.
1256 4633 1281 4683 80
1291 4645 1317 4691 p·
1328 4633 1369 4679 22.
1459 4640 1466 4656 ⁸

348 4706 391 4766 (3)
404 4704 459 4752 vita
470 4702 589 4767 comgelli
600 4702 665 4767 apud
678 4702 792 4750 Martum
803 4701 892 4751 Annal.
906 4711 923 4751 t.
936 4709 959 4759 t,
971 4706 987 4753 l.
1000 4711 1024 4762 8,
1035 4725 1061 4755 ιι.
1072 4713 1097 4763 7,
1110 4725 1134 4772 p.
1145 4714 1204 4771 209,
1213 4718 1240 4757 et
1250 4709 1275 4756 iu
1286 4708 1448 4759 collectaneis
1459 4711 1525 4760 Saur.
1536 4704 1720 4772 μωῖιωῑιῖ·

349 4782 392 4844 (4)
410 4785 494 4831 Arraei.
506 4785 565 4832 ibid.
702 4783 745 4847 (⁵)
762 4784 886 4833 Forturtut.
898 4785 929 4832 de
947 4783 972 4834 S.
984 4786 1105 4837 Germano
1125 4790 1179 4854 Epo
1199 4787 1334 4838 Parisieuse
1351 4806 1376 4838 ιι.
1386 4795 1427 4847 tr,
1445 4792 1513 4854 apud
1529 4785 1652 4839 nabun
1661 4783 1721 4833 ibid·
1732 4781 1818 4846 Optat·
1828 4779 1846 4831 l·
1856 4782 1882 4836 2»
1891 4784 1918 4826 ⁰⁸

351 4861 461 4909 Anaun-
473 4863 586 4912 Bibliotlr.
598 4865 623 4912 iu
632 4863 690 4913 Vita
698 4864 723 4914 S.
736 4865 879 4914 Innocentii.

349 4943 393 5006 (6)
411 4940 513 4991 Glettur.
525 4952 545 5000 t,
554 4949 577 5001 t,
588 4960 613 5009 p.
625 4948 682 5003 974,
696 4960 756 4995 voce
768 4946 890 4995 ctruout.
998 4943 1041 5012 (7)
1056 4942 1153 5010 Regula
1161 4947 1186 4998 S.
1197 4946 1341 4999 columbani
1352 4949 1411 5000 edit.
1425 4947 1563 4999 Cottaetan.
1573 4944 1641 4997 Sacr-
1652 4959 1677 5010 Ρ.
1688 4946 1730 5002 24,
1740 4941 1787 4993 ⁰⁰1·
1796 4943 1820 4989 ²·
