<?xml version="1.0" encoding="UTF-8"?>
<!DOCTYPE html PUBLIC "-//W3C//DTD XHTML 1.0 Transitional//EN"
    "http://www.w3.org/TR/xhtml1/DTD/xhtml1-transitional.dtd">
<html xmlns="http://www.w3.org/1999/xhtml" xml:lang="en" lang="en">
 <head>
  <title>
</title>
<meta http-equiv="Content-Type" content="text/html;charset=utf-8" />
  <meta name='ocr-system' content='tesseract 3.04.00' />
  <meta name='ocr-capabilities' content='ocr_page ocr_carea ocr_par ocr_line ocrx_word'/>
</head>
<body>
  <div class='ocr_page' id='page_1' title='image "./rerumhibernicar00tigegoog_0169.png"; bbox 0 0 4446 6000; ppageno 0'>
   <div class='ocr_carea' id='block_1_1' title="bbox 324 512 1554 612">
    <p class='ocr_par' dir='ltr' id='par_1_1' title="bbox 324 512 1554 612">
     <span class='ocr_line' id='line_1_1' title="bbox 324 512 1554 612; baseline 0.002 -2"><span class='ocrx_word' id='word_1_1' title='bbox 324 512 422 612; x_wconf 81' lang='lat'>156</span> <span class='ocrx_word' id='word_1_2' title='bbox 684 544 1123 609; x_wconf 76' lang='lat' dir='ltr'>annurnrrouas</span> <span class='ocrx_word' id='word_1_3' title='bbox 1163 547 1238 612; x_wconf 78' lang='lat' dir='ltr'>an</span> <span class='ocrx_word' id='word_1_4' title='bbox 1278 547 1397 612; x_wconf 76' lang='lat' dir='ltr'>sac.</span> <span class='ocrx_word' id='word_1_5' title='bbox 1421 549 1554 612; x_wconf 89' lang='lat' dir='ltr'>v111.</span> 
     </span>
    </p>
   </div>
   <div class='ocr_carea' id='block_1_2' title="bbox 306 725 1990 4340">
    <p class='ocr_par' dir='ltr' id='par_1_2' title="bbox 306 725 1907 1010">
     <span class='ocr_line' id='line_1_2' title="bbox 317 725 1907 808; baseline 0.006 -21"><span class='ocrx_word' id='word_1_6' title='bbox 317 735 338 766; x_wconf 88' lang='lat'>‘⁸</span> <span class='ocrx_word' id='word_1_7' title='bbox 359 747 462 786; x_wconf 88' lang='lat' dir='ltr'>eurum</span> <span class='ocrx_word' id='word_1_8' title='bbox 477 726 664 795; x_wconf 86' lang='lat' dir='ltr'>Monasteriu,</span> <span class='ocrx_word' id='word_1_9' title='bbox 679 725 840 784; x_wconf 87' lang='lat' dir='ltr'>Monachus</span> <span class='ocrx_word' id='word_1_10' title='bbox 854 725 968 783; x_wconf 83' lang='lat' dir='ltr'><strong>circiter</strong></span> <span class='ocrx_word' id='word_1_11' title='bbox 980 726 1037 783; x_wconf 90' lang='lat' dir='ltr'>tria</span> <span class='ocrx_word' id='word_1_12' title='bbox 1047 725 1146 784; x_wconf 89' lang='lat' dir='ltr'>millia.</span> <span class='ocrx_word' id='word_1_13' title='bbox 1168 726 1238 784; x_wconf 90' lang='lat' dir='ltr'>lnde</span> <span class='ocrx_word' id='word_1_14' title='bbox 1251 729 1490 788; x_wconf 86' lang='lat' dir='ltr'>B.Culutnbanus</span> <span class='ocrx_word' id='word_1_15' title='bbox 1501 750 1519 787; x_wconf 88' lang='lat' dir='ltr'>a</span> <span class='ocrx_word' id='word_1_16' title='bbox 1533 731 1729 808; x_wconf 86' lang='lat' dir='ltr'>B.Cumugillu</span> <span class='ocrx_word' id='word_1_17' title='bbox 1744 736 1907 802; x_wconf 72' lang='lat' dir='ltr'>destinm</span> 
     </span>
     <span class='ocr_line' id='line_1_3' title="bbox 306 829 1904 919; baseline 0.003 -31"><span class='ocrx_word' id='word_1_18' title='bbox 306 835 336 901; x_wconf 53' lang='lat'>„⁸⁸</span> <span class='ocrx_word' id='word_1_19' title='bbox 357 841 401 888; x_wconf 89' lang='lat' dir='ltr'>est</span> <span class='ocrx_word' id='word_1_20' title='bbox 414 833 541 907; x_wconf 89' lang='lat' dir='ltr'>partibus</span> <span class='ocrx_word' id='word_1_21' title='bbox 554 830 713 888; x_wconf 88' lang='lat' dir='ltr'>Galliarum</span> <span class='ocrx_word' id='word_1_22' title='bbox 727 830 899 899; x_wconf 84' lang='lat' dir='ltr'>Luxovium,</span> <span class='ocrx_word' id='word_1_23' title='bbox 914 840 944 888; x_wconf 90' lang='lat' dir='ltr'>et</span> <span class='ocrx_word' id='word_1_24' title='bbox 956 829 1062 886; x_wconf 86' lang='lat' dir='ltr'>ibidem</span> <span class='ocrx_word' id='word_1_25' title='bbox 1075 829 1168 905; x_wconf 86' lang='lat' dir='ltr'>ipsum</span> <span class='ocrx_word' id='word_1_26' title='bbox 1184 848 1300 887; x_wconf 87' lang='lat' dir='ltr'>cursum</span> <span class='ocrx_word' id='word_1_27' title='bbox 1315 832 1541 903; x_wconf 71' lang='lat' dir='ltr'>decantaverant,</span> <span class='ocrx_word' id='word_1_28' title='bbox 1556 849 1586 893; x_wconf 89' lang='lat' dir='ltr'>et</span> <span class='ocrx_word' id='word_1_29' title='bbox 1599 837 1666 897; x_wconf 88' lang='lat' dir='ltr'>inde</span> <span class='ocrx_word' id='word_1_30' title='bbox 1680 844 1801 919; x_wconf 83' lang='lat' dir='ltr'>sumpsit</span> <span class='ocrx_word' id='word_1_31' title='bbox 1815 864 1904 906; x_wconf 84' lang='lat' dir='ltr'>exer.</span> 
     </span>
     <span class='ocr_line' id='line_1_4' title="bbox 319 933 1529 1010; baseline 0.002 -19"><span class='ocrx_word' id='word_1_32' title='bbox 319 939 340 972; x_wconf 92' lang='lat'>⁸‘</span> <span class='ocrx_word' id='word_1_33' title='bbox 361 935 440 991; x_wconf 90' lang='lat' dir='ltr'>dium</span> <span class='ocrx_word' id='word_1_34' title='bbox 454 938 506 991; x_wconf 88' lang='lat' dir='ltr'>sub</span> <span class='ocrx_word' id='word_1_35' title='bbox 527 935 561 992; x_wconf 88' lang='lat' dir='ltr'>B.</span> <span class='ocrx_word' id='word_1_36' title='bbox 576 934 766 1002; x_wconf 90' lang='lat' dir='ltr'>Columbanu,</span> <span class='ocrx_word' id='word_1_37' title='bbox 781 934 859 1010; x_wconf 92' lang='lat' dir='ltr'>quod</span> <span class='ocrx_word' id='word_1_38' title='bbox 873 943 939 990; x_wconf 87' lang='lat' dir='ltr'>ante</span> <span class='ocrx_word' id='word_1_39' title='bbox 958 933 991 990; x_wconf 90' lang='lat' dir='ltr'>B.</span> <span class='ocrx_word' id='word_1_40' title='bbox 1006 934 1123 990; x_wconf 88' lang='lat' dir='ltr'>Marcus</span> <span class='ocrx_word' id='word_1_41' title='bbox 1150 933 1329 1008; x_wconf 83' lang='lat' dir='ltr'>Evangelista</span> <span class='ocrx_word' id='word_1_42' title='bbox 1340 935 1529 995; x_wconf 85' lang='lat' dir='ltr'>decantavit.”</span> 
     </span>
    </p>

    <p class='ocr_par' dir='ltr' id='par_1_3' title="bbox 312 1035 1917 1635">
     <span class='ocr_line' id='line_1_5' title="bbox 357 1035 1905 1123; baseline 0.005 -28"><span class='ocrx_word' id='word_1_43' title='bbox 357 1037 536 1095; x_wconf 84' lang='lat' dir='ltr'>Mobilluniar</span> <span class='ocrx_word' id='word_1_44' title='bbox 558 1038 681 1095; x_wconf 83' lang='lat' dir='ltr'>Cursum</span> <span class='ocrx_word' id='word_1_45' title='bbox 706 1037 942 1103; x_wconf 78' lang='lat' dir='ltr'>Alexandrinum,</span> <span class='ocrx_word' id='word_1_46' title='bbox 960 1037 988 1093; x_wconf 91' lang='lat' dir='ltr'>in</span> <span class='ocrx_word' id='word_1_47' title='bbox 1003 1035 1186 1094; x_wconf 87' lang='lat' dir='ltr'>Monasteriis</span> <span class='ocrx_word' id='word_1_48' title='bbox 1212 1036 1365 1107; x_wconf 79' lang='lat' dir='ltr'>lirinense,</span> <span class='ocrx_word' id='word_1_49' title='bbox 1388 1047 1418 1117; x_wconf 86' lang='lat' dir='ltr'>et</span> <span class='ocrx_word' id='word_1_50' title='bbox 1439 1039 1621 1100; x_wconf 88' lang='lat' dir='ltr'>Massiliense</span> <span class='ocrx_word' id='word_1_51' title='bbox 1641 1046 1790 1123; x_wconf 75' lang='lat' dir='ltr'>receptum</span> <span class='ocrx_word' id='word_1_52' title='bbox 1802 1047 1905 1109; x_wconf 60' lang='lat' dir='ltr'>nim,</span> 
     </span>
     <span class='ocr_line' id='line_1_6' title="bbox 319 1139 1917 1219; baseline 0.007 -20"><span class='ocrx_word' id='word_1_53' title='bbox 319 1155 404 1218; x_wconf 88' lang='lat' dir='ltr'>atque</span> <span class='ocrx_word' id='word_1_54' title='bbox 436 1143 501 1199; x_wconf 90' lang='lat' dir='ltr'>inde</span> <span class='ocrx_word' id='word_1_55' title='bbox 524 1162 574 1219; x_wconf 88' lang='lat' dir='ltr'>per</span> <span class='ocrx_word' id='word_1_56' title='bbox 601 1143 652 1200; x_wconf 86' lang='lat' dir='ltr'>SS.</span> <span class='ocrx_word' id='word_1_57' title='bbox 667 1142 856 1209; x_wconf 88' lang='lat' dir='ltr'>Germanum,</span> <span class='ocrx_word' id='word_1_58' title='bbox 886 1151 916 1199; x_wconf 89' lang='lat' dir='ltr'>et</span> <span class='ocrx_word' id='word_1_59' title='bbox 940 1142 1062 1216; x_wconf 83' lang='lat' dir='ltr'>Lupum,</span> <span class='ocrx_word' id='word_1_60' title='bbox 1087 1149 1118 1198; x_wconf 91' lang='lat' dir='ltr'>et</span> <span class='ocrx_word' id='word_1_61' title='bbox 1133 1139 1301 1206; x_wconf 77' lang='lat' dir='ltr'>Patricium,</span> <span class='ocrx_word' id='word_1_62' title='bbox 1321 1140 1349 1196; x_wconf 93' lang='lat' dir='ltr'>in</span> <span class='ocrx_word' id='word_1_63' title='bbox 1373 1141 1545 1212; x_wconf 78' lang='lat' dir='ltr'><strong>Britannias,</strong></span> <span class='ocrx_word' id='word_1_64' title='bbox 1574 1161 1610 1202; x_wconf 88' lang='lat' dir='ltr'>ac</span> <span class='ocrx_word' id='word_1_65' title='bbox 1637 1146 1752 1207; x_wconf 87' lang='lat' dir='ltr'>demum</span> <span class='ocrx_word' id='word_1_66' title='bbox 1783 1169 1822 1209; x_wconf 82' lang='lat' dir='ltr'>ex</span> <span class='ocrx_word' id='word_1_67' title='bbox 1844 1152 1917 1210; x_wconf 79' lang='lat' dir='ltr'>lli-¹</span> 
     </span>
     <span class='ocr_line' id='line_1_7' title="bbox 318 1242 1905 1332; baseline 0.005 -28"><span class='ocrx_word' id='word_1_68' title='bbox 318 1245 414 1304; x_wconf 89' lang='lat' dir='ltr'>bernia</span> <span class='ocrx_word' id='word_1_69' title='bbox 423 1246 453 1303; x_wconf 92' lang='lat' dir='ltr'>in</span> <span class='ocrx_word' id='word_1_70' title='bbox 468 1246 604 1316; x_wconf 89' lang='lat' dir='ltr'>Galliam,</span> <span class='ocrx_word' id='word_1_71' title='bbox 619 1247 824 1304; x_wconf 87' lang='lat' dir='ltr'>nColumbano</span> <span class='ocrx_word' id='word_1_72' title='bbox 838 1246 950 1302; x_wconf 91' lang='lat' dir='ltr'>illatum</span> <span class='ocrx_word' id='word_1_73' title='bbox 964 1242 1050 1301; x_wconf 85' lang='lat' dir='ltr'>fuisse</span> <span class='ocrx_word' id='word_1_74' title='bbox 1061 1242 1253 1332; x_wconf 76' lang='lat' dir='ltr'>declarat,(1)</span> <span class='ocrx_word' id='word_1_75' title='bbox 1270 1243 1348 1316; x_wconf 87' lang='lat' dir='ltr'>quod</span> <span class='ocrx_word' id='word_1_76' title='bbox 1363 1260 1398 1299; x_wconf 84' lang='lat' dir='ltr'>eu</span> <span class='ocrx_word' id='word_1_77' title='bbox 1413 1245 1502 1320; x_wconf 78' lang='lat' dir='ltr'>magis</span> <span class='ocrx_word' id='word_1_78' title='bbox 1517 1248 1677 1306; x_wconf 88' lang='lat' dir='ltr'>notandum</span> <span class='ocrx_word' id='word_1_79' title='bbox 1690 1252 1771 1319; x_wconf 85' lang='lat' dir='ltr'>duxi,</span> <span class='ocrx_word' id='word_1_80' title='bbox 1785 1253 1856 1330; x_wconf 84' lang='lat' dir='ltr'>quia</span> <span class='ocrx_word' id='word_1_81' title='bbox 1865 1254 1905 1313; x_wconf 79' lang='lat' dir='ltr'>ira</span> 
     </span>
     <span class='ocr_line' id='line_1_8' title="bbox 316 1347 1901 1431; baseline 0.007 -27"><span class='ocrx_word' id='word_1_82' title='bbox 316 1350 508 1408; x_wconf 81' lang='lat' dir='ltr'>vetustissimis</span> <span class='ocrx_word' id='word_1_83' title='bbox 523 1351 715 1408; x_wconf 86' lang='lat' dir='ltr'>Hibernorutn</span> <span class='ocrx_word' id='word_1_84' title='bbox 730 1351 848 1427; x_wconf 80' lang='lat' dir='ltr'>Scriptis</span> <span class='ocrx_word' id='word_1_85' title='bbox 860 1347 1070 1416; x_wconf 76' lang='lat' dir='ltr'>traditionibus,</span> <span class='ocrx_word' id='word_1_86' title='bbox 1084 1347 1256 1415; x_wconf 87' lang='lat' dir='ltr'>Germanus,</span> <span class='ocrx_word' id='word_1_87' title='bbox 1274 1363 1355 1420; x_wconf 80' lang='lat' dir='ltr'>aeque</span> <span class='ocrx_word' id='word_1_88' title='bbox 1379 1364 1414 1404; x_wconf 88' lang='lat' dir='ltr'>ac</span> <span class='ocrx_word' id='word_1_89' title='bbox 1436 1348 1588 1420; x_wconf 72' lang='lat' dir='ltr'>Patricius,</span> <span class='ocrx_word' id='word_1_90' title='bbox 1614 1353 1779 1431; x_wconf 79' lang='lat' dir='ltr'>priusquam</span> <span class='ocrx_word' id='word_1_91' title='bbox 1792 1357 1901 1418; x_wconf 82' lang='lat' dir='ltr'>Hiber·</span> 
     </span>
     <span class='ocr_line' id='line_1_9' title="bbox 316 1448 1899 1532; baseline 0.006 -22"><span class='ocrx_word' id='word_1_92' title='bbox 316 1454 392 1511; x_wconf 73' lang='lat' dir='ltr'>mam</span> <span class='ocrx_word' id='word_1_93' title='bbox 406 1455 526 1525; x_wconf 84' lang='lat' dir='ltr'>veniret,</span> <span class='ocrx_word' id='word_1_94' title='bbox 547 1455 683 1532; x_wconf 72' lang='lat' dir='ltr'>Tyrrheni</span> <span class='ocrx_word' id='word_1_95' title='bbox 695 1456 780 1512; x_wconf 81' lang='lat' dir='ltr'>maris</span> <span class='ocrx_word' id='word_1_96' title='bbox 791 1453 901 1511; x_wconf 76' lang='lat' dir='ltr'>Insulas</span> <span class='ocrx_word' id='word_1_97' title='bbox 917 1469 1077 1530; x_wconf 68' lang='lat' dir='ltr'>peragrasse</span> <span class='ocrx_word' id='word_1_98' title='bbox 1098 1448 1305 1519; x_wconf 65' lang='lat' dir='ltr'>numeranti)</span> <span class='ocrx_word' id='word_1_99' title='bbox 1333 1448 1455 1524; x_wconf 80' lang='lat' dir='ltr'>inques</span> <span class='ocrx_word' id='word_1_100' title='bbox 1477 1451 1741 1517; x_wconf 83' lang='lat' dir='ltr'>Alexandrinorum</span> <span class='ocrx_word' id='word_1_101' title='bbox 1767 1460 1899 1522; x_wconf 76' lang='lat' dir='ltr'>instituta</span> 
     </span>
     <span class='ocr_line' id='line_1_10' title="bbox 312 1551 1784 1635; baseline 0.005 -21"><span class='ocrx_word' id='word_1_102' title='bbox 312 1557 389 1633; x_wconf 86' lang='lat' dir='ltr'>prius</span> <span class='ocrx_word' id='word_1_103' title='bbox 401 1557 567 1617; x_wconf 89' lang='lat' dir='ltr'>introducta</span> <span class='ocrx_word' id='word_1_104' title='bbox 579 1560 672 1630; x_wconf 75' lang='lat' dir='ltr'>subse,</span> <span class='ocrx_word' id='word_1_105' title='bbox 683 1580 719 1617; x_wconf 86' lang='lat' dir='ltr'>ex</span> <span class='ocrx_word' id='word_1_106' title='bbox 736 1560 881 1626; x_wconf 85' lang='lat' dir='ltr'>Cassiano,</span> <span class='ocrx_word' id='word_1_107' title='bbox 896 1567 976 1616; x_wconf 88' lang='lat' dir='ltr'>etex</span> <span class='ocrx_word' id='word_1_108' title='bbox 991 1556 1105 1630; x_wconf 85' lang='lat' dir='ltr'>Pageno</span> <span class='ocrx_word' id='word_1_109' title='bbox 1119 1552 1266 1628; x_wconf 80' lang='lat' dir='ltr'>Scriptura</span> <span class='ocrx_word' id='word_1_110' title='bbox 1281 1551 1391 1608; x_wconf 81' lang='lat' dir='ltr'>Rutilio</span> <span class='ocrx_word' id='word_1_111' title='bbox 1408 1555 1458 1625; x_wconf 83' lang='lat'>(3)</span> <span class='ocrx_word' id='word_1_112' title='bbox 1486 1573 1573 1632; x_wconf 89' lang='lat' dir='ltr'>supra</span> <span class='ocrx_word' id='word_1_113' title='bbox 1587 1557 1722 1620; x_wconf 85' lang='lat' dir='ltr'>indicari.</span> <span class='ocrx_word' id='word_1_114' title='bbox 1736 1563 1784 1635; x_wconf 71' lang='grc'>(4)</span> 
     </span>
    </p>

    <p class='ocr_par' dir='ltr' id='par_1_4' title="bbox 314 1657 1904 3395">
     <span class='ocr_line' id='line_1_11' title="bbox 356 1657 1899 1737; baseline 0.01 -22"><span class='ocrx_word' id='word_1_115' title='bbox 356 1660 401 1716; x_wconf 89' lang='lat' dir='ltr'>De</span> <span class='ocrx_word' id='word_1_116' title='bbox 423 1662 560 1720; x_wconf 87' lang='lat' dir='ltr'>Veterum</span> <span class='ocrx_word' id='word_1_117' title='bbox 578 1663 770 1720; x_wconf 83' lang='lat' dir='ltr'>llibemorum</span> <span class='ocrx_word' id='word_1_118' title='bbox 785 1661 901 1720; x_wconf 86' lang='lat' dir='ltr'>Musica</span> <span class='ocrx_word' id='word_1_119' title='bbox 914 1678 1005 1728; x_wconf 87' lang='lat' dir='ltr'>sacra,</span> <span class='ocrx_word' id='word_1_120' title='bbox 1025 1657 1169 1731; x_wconf 90' lang='lat' dir='ltr'>judicium</span> <span class='ocrx_word' id='word_1_121' title='bbox 1183 1673 1298 1732; x_wconf 80' lang='lat' dir='ltr'>aequum</span> <span class='ocrx_word' id='word_1_122' title='bbox 1312 1674 1535 1733; x_wconf 86' lang='lat' dir='ltr'>nemounquam</span> <span class='ocrx_word' id='word_1_123' title='bbox 1549 1663 1656 1737; x_wconf 91' lang='lat' dir='ltr'>poterit</span> <span class='ocrx_word' id='word_1_124' title='bbox 1668 1666 1831 1732; x_wconf 78' lang='lat' dir='ltr'>efformare.</span> <span class='ocrx_word' id='word_1_125' title='bbox 1844 1670 1899 1730; x_wconf 89' lang='lat' dir='ltr'>nisi</span> 
     </span>
     <span class='ocr_line' id='line_1_12' title="bbox 321 1757 1897 1844; baseline 0.007 -24"><span class='ocrx_word' id='word_1_126' title='bbox 321 1761 370 1835; x_wconf 90' lang='lat' dir='ltr'>qui</span> <span class='ocrx_word' id='word_1_127' title='bbox 385 1762 597 1822; x_wconf 85' lang='lat' dir='ltr'>Monachorum</span> <span class='ocrx_word' id='word_1_128' title='bbox 612 1774 782 1834; x_wconf 88' lang='lat' dir='ltr'>nostrorum,</span> <span class='ocrx_word' id='word_1_129' title='bbox 796 1783 861 1821; x_wconf 92' lang='lat' dir='ltr'>cum</span> <span class='ocrx_word' id='word_1_130' title='bbox 877 1760 1069 1820; x_wconf 86' lang='lat' dir='ltr'>vetustissimis</span> <span class='ocrx_word' id='word_1_131' title='bbox 1081 1759 1182 1828; x_wconf 69' lang='lat' dir='ltr'>ltalia,</span> <span class='ocrx_word' id='word_1_132' title='bbox 1191 1777 1226 1815; x_wconf 92' lang='lat' dir='ltr'>ac</span> <span class='ocrx_word' id='word_1_133' title='bbox 1236 1757 1378 1834; x_wconf 83' lang='lat' dir='ltr'>Tyrrheni</span> <span class='ocrx_word' id='word_1_134' title='bbox 1389 1761 1474 1818; x_wconf 88' lang='lat' dir='ltr'>maris</span> <span class='ocrx_word' id='word_1_135' title='bbox 1488 1765 1632 1833; x_wconf 68' lang='lat' dir='ltr'>canobiis,</span> <span class='ocrx_word' id='word_1_136' title='bbox 1646 1773 1897 1844; x_wconf 72' lang='lat' dir='ltr'>consuetudinem,</span> 
     </span>
     <span class='ocr_line' id='line_1_13' title="bbox 321 1861 1896 1950; baseline 0.007 -29"><span class='ocrx_word' id='word_1_137' title='bbox 321 1883 358 1921; x_wconf 84' lang='lat' dir='ltr'>ex</span> <span class='ocrx_word' id='word_1_138' title='bbox 373 1865 541 1924; x_wconf 90' lang='lat' dir='ltr'>Munasticis</span> <span class='ocrx_word' id='word_1_139' title='bbox 552 1868 653 1943; x_wconf 85' lang='lat' dir='ltr'>regulis</span> <span class='ocrx_word' id='word_1_140' title='bbox 665 1869 786 1926; x_wconf 87' lang='lat' dir='ltr'>invicem</span> <span class='ocrx_word' id='word_1_141' title='bbox 800 1867 921 1935; x_wconf 87' lang='lat' dir='ltr'>collatis,</span> <span class='ocrx_word' id='word_1_142' title='bbox 934 1865 1065 1923; x_wconf 89' lang='lat' dir='ltr'>minutim</span> <span class='ocrx_word' id='word_1_143' title='bbox 1080 1870 1217 1919; x_wconf 85' lang='lat' dir='ltr'>annotare</span> <span class='ocrx_word' id='word_1_144' title='bbox 1231 1862 1382 1921; x_wconf 82' lang='lat' dir='ltr'>curaverit.</span> <span class='ocrx_word' id='word_1_145' title='bbox 1397 1861 1547 1922; x_wconf 73' lang='lat' dir='ltr'>Carsium</span> <span class='ocrx_word' id='word_1_146' title='bbox 1560 1867 1701 1926; x_wconf 85' lang='lat' dir='ltr'>Psallendi</span> <span class='ocrx_word' id='word_1_147' title='bbox 1714 1872 1896 1950; x_wconf 77' lang='lat' dir='ltr'>disciplinam</span> 
     </span>
     <span class='ocr_line' id='line_1_14' title="bbox 319 1965 1904 2051; baseline 0.008 -28"><span class='ocrx_word' id='word_1_148' title='bbox 319 1967 495 2028; x_wconf 87' lang='lat' dir='ltr'>Orientalem</span> <span class='ocrx_word' id='word_1_149' title='bbox 510 1970 644 2029; x_wconf 86' lang='lat' dir='ltr'>describit</span> <span class='ocrx_word' id='word_1_150' title='bbox 657 1971 686 2028; x_wconf 93' lang='lat' dir='ltr'>in</span> <span class='ocrx_word' id='word_1_151' title='bbox 697 1971 744 2029; x_wconf 69' lang='lat' dir='ltr'>bt</span> <span class='ocrx_word' id='word_1_152' title='bbox 757 1969 969 2027; x_wconf 86' lang='lat' dir='ltr'>Institutionum</span> <span class='ocrx_word' id='word_1_153' title='bbox 980 1984 1055 2024; x_wconf 89' lang='lat' dir='ltr'>annu</span> <span class='ocrx_word' id='word_1_154' title='bbox 1070 1971 1140 2033; x_wconf 75' lang='lat'>420,</span> <span class='ocrx_word' id='word_1_155' title='bbox 1162 1977 1192 2022; x_wconf 91' lang='lat' dir='ltr'>et</span> <span class='ocrx_word' id='word_1_156' title='bbox 1205 1965 1234 2021; x_wconf 91' lang='lat' dir='ltr'>in</span> <span class='ocrx_word' id='word_1_157' title='bbox 1244 1965 1359 2040; x_wconf 87' lang='lat' dir='ltr'>Regulis</span> <span class='ocrx_word' id='word_1_158' title='bbox 1375 1967 1557 2027; x_wconf 87' lang='lat' dir='ltr'>Diversarum</span> <span class='ocrx_word' id='word_1_159' title='bbox 1568 1971 1787 2047; x_wconf 79' lang='lat' dir='ltr'>correptionum</span> <span class='ocrx_word' id='word_1_160' title='bbox 1799 1975 1904 2051; x_wconf 69' lang='lat' dir='ltr'>inquit</span> 
     </span>
     <span class='ocr_line' id='line_1_15' title="bbox 320 2068 1894 2145; baseline 0.006 -20"><span class='ocrx_word' id='word_1_161' title='bbox 320 2072 340 2100; x_wconf 88' lang='lat'>‘⁸</span> <span class='ocrx_word' id='word_1_162' title='bbox 362 2068 395 2125; x_wconf 86' lang='lat' dir='ltr'>Si</span> <span class='ocrx_word' id='word_1_163' title='bbox 405 2070 551 2128; x_wconf 84' lang='lat' dir='ltr'>decantans</span> <span class='ocrx_word' id='word_1_164' title='bbox 559 2072 707 2143; x_wconf 75' lang='lat' dir='ltr'>Paetinam,</span> <span class='ocrx_word' id='word_1_165' title='bbox 720 2072 765 2129; x_wconf 82' lang='lat' dir='ltr'>cel</span> <span class='ocrx_word' id='word_1_166' title='bbox 776 2072 909 2128; x_wconf 82' lang='lat' dir='ltr'>modicam</span> <span class='ocrx_word' id='word_1_167' title='bbox 923 2069 1112 2136; x_wconf 77' lang='lat' dir='ltr'>titubaverit,&#39;¹</span> <span class='ocrx_word' id='word_1_168' title='bbox 1125 2071 1176 2141; x_wconf 71' lang='lat' dir='ltr'>lsc.</span> <span class='ocrx_word' id='word_1_169' title='bbox 1217 2070 1306 2144; x_wconf 81' lang='lat' dir='ltr'>Atqui</span> <span class='ocrx_word' id='word_1_170' title='bbox 1322 2069 1377 2127; x_wconf 83' lang='lat' dir='ltr'>dcc</span> <span class='ocrx_word' id='word_1_171' title='bbox 1386 2071 1447 2145; x_wconf 83' lang='lat' dir='ltr'>ipra</span> <span class='ocrx_word' id='word_1_172' title='bbox 1461 2073 1541 2129; x_wconf 84' lang='lat' dir='ltr'>nerlu</span> <span class='ocrx_word' id='word_1_173' title='bbox 1554 2071 1696 2130; x_wconf 82' lang='lat' dir='ltr'>habentur</span> <span class='ocrx_word' id='word_1_174' title='bbox 1707 2093 1743 2131; x_wconf 86' lang='lat' dir='ltr'>ex</span> <span class='ocrx_word' id='word_1_175' title='bbox 1757 2075 1894 2135; x_wconf 80' lang='lat' dir='ltr'>Cassiano</span> 
     </span>
     <span class='ocr_line' id='line_1_16' title="bbox 319 2172 1892 2252; baseline 0.005 -23"><span class='ocrx_word' id='word_1_176' title='bbox 319 2173 463 2251; x_wconf 83' lang='lat' dir='ltr'>descripta</span> <span class='ocrx_word' id='word_1_177' title='bbox 472 2175 501 2232; x_wconf 91' lang='lat' dir='ltr'>in</span> <span class='ocrx_word' id='word_1_178' title='bbox 516 2176 625 2252; x_wconf 87' lang='lat' dir='ltr'>Regula</span> <span class='ocrx_word' id='word_1_179' title='bbox 638 2174 803 2242; x_wconf 71' lang='lat' dir='ltr'>Celesitani,</span> <span class='ocrx_word' id='word_1_180' title='bbox 816 2184 846 2234; x_wconf 92' lang='lat' dir='ltr'>et</span> <span class='ocrx_word' id='word_1_181' title='bbox 860 2175 1017 2232; x_wconf 85' lang='lat' dir='ltr'>Gerbertus</span> <span class='ocrx_word' id='word_1_182' title='bbox 1032 2173 1060 2228; x_wconf 90' lang='lat' dir='ltr'>in</span> <span class='ocrx_word' id='word_1_183' title='bbox 1076 2172 1197 2230; x_wconf 88' lang='lat' dir='ltr'>Musicae</span> <span class='ocrx_word' id='word_1_184' title='bbox 1210 2191 1297 2230; x_wconf 84' lang='lat' dir='ltr'>sacrae</span> <span class='ocrx_word' id='word_1_185' title='bbox 1310 2173 1438 2243; x_wconf 87' lang='lat' dir='ltr'>historia,</span> <span class='ocrx_word' id='word_1_186' title='bbox 1454 2194 1492 2233; x_wconf 82' lang='lat' dir='ltr'>ex</span> <span class='ocrx_word' id='word_1_187' title='bbox 1504 2173 1609 2234; x_wconf 84' lang='lat' dir='ltr'>Codice</span> <span class='ocrx_word' id='word_1_188' title='bbox 1623 2176 1760 2252; x_wconf 74' lang='lat' dir='ltr'>predicto</span> <span class='ocrx_word' id='word_1_189' title='bbox 1769 2178 1892 2237; x_wconf 86' lang='lat' dir='ltr'>Cotton·</span> 
     </span>
     <span class='ocr_line' id='line_1_17' title="bbox 319 2276 1893 2355; baseline 0.004 -19"><span class='ocrx_word' id='word_1_190' title='bbox 319 2279 385 2336; x_wconf 91' lang='lat' dir='ltr'>iano</span> <span class='ocrx_word' id='word_1_191' title='bbox 413 2281 565 2355; x_wconf 87' lang='lat' dir='ltr'>inquit-“</span> <span class='ocrx_word' id='word_1_192' title='bbox 582 2281 720 2339; x_wconf 88' lang='lat' dir='ltr'>Ordinem</span> <span class='ocrx_word' id='word_1_193' title='bbox 733 2281 841 2339; x_wconf 88' lang='lat' dir='ltr'>Cursus</span> <span class='ocrx_word' id='word_1_194' title='bbox 856 2280 1009 2338; x_wconf 88' lang='lat' dir='ltr'>Gallorum</span> <span class='ocrx_word' id='word_1_195' title='bbox 1030 2276 1232 2347; x_wconf 55' lang='lat' dir='ltr'>branna,</span> <span class='ocrx_word' id='word_1_196' title='bbox 1260 2279 1308 2355; x_wconf 88' lang='lat' dir='ltr'>qui</span> <span class='ocrx_word' id='word_1_197' title='bbox 1335 2279 1366 2336; x_wconf 92' lang='lat' dir='ltr'>in</span> <span class='ocrx_word' id='word_1_198' title='bbox 1391 2280 1529 2338; x_wconf 79' lang='lat' dir='ltr'>lirinensi</span> <span class='ocrx_word' id='word_1_199' title='bbox 1546 2282 1721 2341; x_wconf 84' lang='lat' dir='ltr'>Monastetiu</span> <span class='ocrx_word' id='word_1_200' title='bbox 1744 2284 1778 2343; x_wconf 89' lang='lat' dir='ltr'>B.</span> <span class='ocrx_word' id='word_1_201' title='bbox 1792 2283 1893 2343; x_wconf 83' lang='lat' dir='ltr'>Hono·</span> 
     </span>
     <span class='ocr_line' id='line_1_18' title="bbox 318 2382 1896 2466; baseline 0.004 -27"><span class='ocrx_word' id='word_1_202' title='bbox 318 2387 338 2415; x_wconf 85' lang='lat'>‘⁸</span> <span class='ocrx_word' id='word_1_203' title='bbox 359 2391 452 2440; x_wconf 89' lang='lat' dir='ltr'>ratum</span> <span class='ocrx_word' id='word_1_204' title='bbox 477 2383 577 2441; x_wconf 90' lang='lat' dir='ltr'>babuit</span> <span class='ocrx_word' id='word_1_205' title='bbox 603 2402 777 2461; x_wconf 76' lang='lat' dir='ltr'>comparem,</span> <span class='ocrx_word' id='word_1_206' title='bbox 802 2396 832 2442; x_wconf 89' lang='lat' dir='ltr'>et</span> <span class='ocrx_word' id='word_1_207' title='bbox 859 2393 922 2460; x_wconf 92' lang='lat' dir='ltr'>post</span> <span class='ocrx_word' id='word_1_208' title='bbox 945 2383 1041 2459; x_wconf 91' lang='lat' dir='ltr'>ipsum</span> <span class='ocrx_word' id='word_1_209' title='bbox 1062 2382 1099 2440; x_wconf 91' lang='grc' dir='ltr'>Β.</span> <span class='ocrx_word' id='word_1_210' title='bbox 1120 2382 1285 2438; x_wconf 74' lang='lat' dir='ltr'>Honoratus</span> <span class='ocrx_word' id='word_1_211' title='bbox 1315 2383 1423 2458; x_wconf 88' lang='lat' dir='ltr'>primus</span> <span class='ocrx_word' id='word_1_212' title='bbox 1441 2386 1551 2454; x_wconf 77' lang='lat' dir='ltr'>Abbas,</span> <span class='ocrx_word' id='word_1_213' title='bbox 1583 2395 1613 2444; x_wconf 86' lang='lat' dir='ltr'>et</span> <span class='ocrx_word' id='word_1_214' title='bbox 1635 2383 1666 2443; x_wconf 87' lang='lat' dir='ltr'>S.</span> <span class='ocrx_word' id='word_1_215' title='bbox 1682 2383 1818 2445; x_wconf 62' lang='lat' dir='ltr'>emanas</span> <span class='ocrx_word' id='word_1_216' title='bbox 1839 2388 1896 2466; x_wconf 81' lang='lat' dir='ltr'>Epa</span> 
     </span>
     <span class='ocr_line' id='line_1_19' title="bbox 317 2479 1895 2567; baseline 0.004 -21"><span class='ocrx_word' id='word_1_217' title='bbox 317 2491 337 2520; x_wconf 80' lang='lat'>‘⁸</span> <span class='ocrx_word' id='word_1_218' title='bbox 359 2487 408 2563; x_wconf 91' lang='lat' dir='ltr'>qui</span> <span class='ocrx_word' id='word_1_219' title='bbox 423 2488 476 2545; x_wconf 87' lang='lat' dir='ltr'>luit</span> <span class='ocrx_word' id='word_1_220' title='bbox 500 2488 529 2545; x_wconf 90' lang='lat' dir='ltr'>in</span> <span class='ocrx_word' id='word_1_221' title='bbox 554 2488 685 2555; x_wconf 81' lang='lat' dir='ltr'>Arelate,</span> <span class='ocrx_word' id='word_1_222' title='bbox 706 2499 737 2545; x_wconf 86' lang='lat' dir='ltr'>et</span> <span class='ocrx_word' id='word_1_223' title='bbox 750 2486 785 2546; x_wconf 89' lang='grc' dir='ltr'>Β.</span> <span class='ocrx_word' id='word_1_224' title='bbox 797 2486 964 2543; x_wconf 80' lang='lat' dir='ltr'>Proclrrius</span> <span class='ocrx_word' id='word_1_225' title='bbox 976 2487 1026 2561; x_wconf 88' lang='lat' dir='ltr'>qui</span> <span class='ocrx_word' id='word_1_226' title='bbox 1045 2485 1149 2562; x_wconf 89' lang='lat' dir='ltr'>inipso</span> <span class='ocrx_word' id='word_1_227' title='bbox 1165 2487 1343 2544; x_wconf 85' lang='lat' dir='ltr'>Munasterio</span> <span class='ocrx_word' id='word_1_228' title='bbox 1356 2487 1419 2556; x_wconf 84' lang='lat' dir='ltr'>tuit,</span> <span class='ocrx_word' id='word_1_229' title='bbox 1434 2489 1528 2564; x_wconf 87' lang='lat' dir='ltr'>ipsum</span> <span class='ocrx_word' id='word_1_230' title='bbox 1543 2489 1574 2563; x_wconf 93' lang='lat' dir='ltr'>[i.</span> <span class='ocrx_word' id='word_1_231' title='bbox 1586 2509 1612 2547; x_wconf 94' lang='lat' dir='ltr'>e.</span> <span class='ocrx_word' id='word_1_232' title='bbox 1626 2479 1766 2567; x_wconf 82' lang='lat' dir='ltr'>eundern]</span> <span class='ocrx_word' id='word_1_233' title='bbox 1778 2510 1895 2552; x_wconf 81' lang='lat' dir='ltr'>cursum</span> 
     </span>
     <span class='ocr_line' id='line_1_20' title="bbox 314 2588 1901 2666; baseline 0.004 -19"><span class='ocrx_word' id='word_1_234' title='bbox 314 2595 333 2623; x_wconf 92' lang='lat'>‘⁸</span> <span class='ocrx_word' id='word_1_235' title='bbox 354 2591 588 2651; x_wconf 83' lang='lat' dir='ltr'>decantaverunt.</span> <span class='ocrx_word' id='word_1_236' title='bbox 638 2588 1151 2666; x_wconf 55' lang='lat' dir='ltr'>Quintumdecimum</span> <span class='ocrx_word' id='word_1_237' title='bbox 1165 2589 1326 2645; x_wconf 83' lang='lat' dir='ltr'>Monachus</span> <span class='ocrx_word' id='word_1_238' title='bbox 1351 2592 1380 2646; x_wconf 92' lang='lat' dir='ltr'>in</span> <span class='ocrx_word' id='word_1_239' title='bbox 1399 2608 1498 2646; x_wconf 90' lang='lat' dir='ltr'>eurum</span> <span class='ocrx_word' id='word_1_240' title='bbox 1526 2590 1704 2650; x_wconf 88' lang='lat' dir='ltr'>Monasteriu</span> <span class='ocrx_word' id='word_1_241' title='bbox 1722 2594 1901 2666; x_wconf 77' lang='lat' dir='ltr'>habuerunt,</span> 
     </span>
     <span class='ocr_line' id='line_1_21' title="bbox 316 2690 1897 2770; baseline 0.003 -20"><span class='ocrx_word' id='word_1_242' title='bbox 316 2699 336 2727; x_wconf 94' lang='lat'>‘⁸</span> <span class='ocrx_word' id='word_1_243' title='bbox 360 2703 390 2751; x_wconf 89' lang='lat' dir='ltr'>et</span> <span class='ocrx_word' id='word_1_244' title='bbox 410 2695 464 2770; x_wconf 87' lang='lat' dir='ltr'>ipsi</span> <span class='ocrx_word' id='word_1_245' title='bbox 488 2697 543 2752; x_wconf 86' lang='lat' dir='ltr'>sub</span> <span class='ocrx_word' id='word_1_246' title='bbox 561 2714 689 2753; x_wconf 89' lang='lat' dir='ltr'>normam</span> <span class='ocrx_word' id='word_1_247' title='bbox 704 2695 831 2770; x_wconf 77' lang='lat' dir='ltr'>Regula,</span> <span class='ocrx_word' id='word_1_248' title='bbox 853 2695 945 2770; x_wconf 89' lang='lat' dir='ltr'>ipsum</span> <span class='ocrx_word' id='word_1_249' title='bbox 968 2693 1000 2770; x_wconf 90' lang='lat' dir='ltr'>[i.</span> <span class='ocrx_word' id='word_1_250' title='bbox 1008 2713 1035 2751; x_wconf 89' lang='lat' dir='ltr'>o.</span> <span class='ocrx_word' id='word_1_251' title='bbox 1049 2690 1186 2766; x_wconf 90' lang='lat' dir='ltr'>eundem]</span> <span class='ocrx_word' id='word_1_252' title='bbox 1210 2711 1326 2750; x_wconf 87' lang='lat' dir='ltr'>cursum</span> <span class='ocrx_word' id='word_1_253' title='bbox 1348 2695 1583 2764; x_wconf 87' lang='lat' dir='ltr'>decantaverunt,</span> <span class='ocrx_word' id='word_1_254' title='bbox 1606 2703 1636 2751; x_wconf 87' lang='lat' dir='ltr'>et</span> <span class='ocrx_word' id='word_1_255' title='bbox 1663 2705 1763 2770; x_wconf 87' lang='lat' dir='ltr'>postca</span> <span class='ocrx_word' id='word_1_256' title='bbox 1786 2696 1816 2754; x_wconf 89' lang='lat' dir='ltr'>in</span> <span class='ocrx_word' id='word_1_257' title='bbox 1830 2697 1897 2755; x_wconf 73' lang='lat' dir='ltr'>Bri»</span> 
     </span>
     <span class='ocr_line' id='line_1_22' title="bbox 315 2795 1897 2875; baseline 0.001 -17"><span class='ocrx_word' id='word_1_258' title='bbox 315 2803 335 2858; x_wconf 78' lang='lat'><strong>“</strong></span> <span class='ocrx_word' id='word_1_259' title='bbox 357 2799 513 2857; x_wconf 85' lang='lat' dir='ltr'>tanniisvel</span> <span class='ocrx_word' id='word_1_260' title='bbox 527 2799 631 2857; x_wconf 86' lang='lat' dir='ltr'>Scotiis</span> <span class='ocrx_word' id='word_1_261' title='bbox 651 2797 902 2875; x_wconf 83' lang='lat' dir='ltr'>praedicavemnt.&#39;’</span> <span class='ocrx_word' id='word_1_262' title='bbox 905 2838 966 2855; x_wconf 89' lang='grc'><strong>......</strong></span> <span class='ocrx_word' id='word_1_263' title='bbox 972 2797 1038 2854; x_wconf 86' lang='lat' dir='ltr'>Huc</span> <span class='ocrx_word' id='word_1_264' title='bbox 1050 2795 1147 2854; x_wconf 79' lang='lat' dir='ltr'>referri</span> <span class='ocrx_word' id='word_1_265' title='bbox 1165 2796 1277 2865; x_wconf 90' lang='lat' dir='ltr'>debere,</span> <span class='ocrx_word' id='word_1_266' title='bbox 1293 2797 1534 2873; x_wconf 84' lang='lat' dir='ltr'>Antiphunarium</span> <span class='ocrx_word' id='word_1_267' title='bbox 1555 2808 1697 2856; x_wconf 86' lang='lat' dir='ltr'>vetustum</span> <span class='ocrx_word' id='word_1_268' title='bbox 1724 2800 1897 2860; x_wconf 87' lang='lat' dir='ltr'>Monasterii</span> 
     </span>
     <span class='ocr_line' id='line_1_23' title="bbox 317 2899 1897 2981; baseline 0.004 -22"><span class='ocrx_word' id='word_1_269' title='bbox 317 2905 337 2934; x_wconf 82' lang='lat'>‘⁸</span> <span class='ocrx_word' id='word_1_270' title='bbox 358 2901 565 2973; x_wconf 79' lang='lat' dir='ltr'>Beatiorenris,</span> <span class='ocrx_word' id='word_1_271' title='bbox 593 2902 766 2980; x_wconf 89' lang='lat' dir='ltr'>probabilius</span> <span class='ocrx_word' id='word_1_272' title='bbox 789 2904 905 2979; x_wconf 91' lang='lat' dir='ltr'>quidem</span> <span class='ocrx_word' id='word_1_273' title='bbox 931 2900 1085 2969; x_wconf 76' lang='lat' dir='ltr'>Hiberniae,</span> <span class='ocrx_word' id='word_1_274' title='bbox 1115 2899 1193 2957; x_wconf 89' lang='lat' dir='ltr'>unde</span> <span class='ocrx_word' id='word_1_275' title='bbox 1216 2900 1247 2957; x_wconf 87' lang='lat' dir='ltr'>S.</span> <span class='ocrx_word' id='word_1_276' title='bbox 1261 2899 1456 2959; x_wconf 89' lang='lat' dir='ltr'>Columbanus</span> <span class='ocrx_word' id='word_1_277' title='bbox 1479 2901 1596 2979; x_wconf 91' lang='lat' dir='ltr'>prodiit,</span> <span class='ocrx_word' id='word_1_278' title='bbox 1620 2913 1709 2981; x_wconf 90' lang='lat' dir='ltr'>atque</span> <span class='ocrx_word' id='word_1_279' title='bbox 1733 2923 1800 2965; x_wconf 89' lang='lat' dir='ltr'>cum</span> <span class='ocrx_word' id='word_1_280' title='bbox 1816 2906 1897 2965; x_wconf 80' lang='lat' dir='ltr'>socio</span> 
     </span>
     <span class='ocr_line' id='line_1_24' title="bbox 316 3003 1899 3079; baseline 0.003 -18"><span class='ocrx_word' id='word_1_281' title='bbox 316 3008 345 3079; x_wconf 67' lang='lat'>‘⁸</span> <span class='ocrx_word' id='word_1_282' title='bbox 358 3005 387 3063; x_wconf 91' lang='lat' dir='ltr'>S.</span> <span class='ocrx_word' id='word_1_283' title='bbox 398 3005 494 3076; x_wconf 91' lang='lat' dir='ltr'>Gallo,</span> <span class='ocrx_word' id='word_1_284' title='bbox 517 3006 603 3063; x_wconf 90' lang='lat' dir='ltr'>etiam</span> <span class='ocrx_word' id='word_1_285' title='bbox 624 3006 823 3064; x_wconf 77' lang='lat' dir='ltr'>Alemanniam</span> <span class='ocrx_word' id='word_1_286' title='bbox 839 3017 974 3074; x_wconf 86' lang='lat' dir='ltr'>nostram,</span> <span class='ocrx_word' id='word_1_287' title='bbox 997 3024 1058 3062; x_wconf 81' lang='lat' dir='ltr'>non</span> <span class='ocrx_word' id='word_1_288' title='bbox 1082 3005 1174 3063; x_wconf 85' lang='lat' dir='ltr'>sulum</span> <span class='ocrx_word' id='word_1_289' title='bbox 1199 3004 1265 3061; x_wconf 83' lang='lat' dir='ltr'>fidei</span> <span class='ocrx_word' id='word_1_290' title='bbox 1291 3003 1465 3061; x_wconf 68' lang='lat' dir='ltr'>Christiana</span> <span class='ocrx_word' id='word_1_291' title='bbox 1491 3004 1567 3075; x_wconf 88' lang='lat' dir='ltr'>luce,</span> <span class='ocrx_word' id='word_1_292' title='bbox 1590 3009 1798 3064; x_wconf 81' lang='lat' dir='ltr'>verumetiam</span> <span class='ocrx_word' id='word_1_293' title='bbox 1822 3009 1899 3066; x_wconf 64' lang='lat' dir='ltr'>Vim</span> 
     </span>
     <span class='ocr_line' id='line_1_25' title="bbox 315 3107 1894 3187; baseline -0.001 -19"><span class='ocrx_word' id='word_1_294' title='bbox 315 3114 334 3146; x_wconf 88' lang='lat'>‘⁸</span> <span class='ocrx_word' id='word_1_295' title='bbox 354 3111 497 3168; x_wconf 84' lang='lat' dir='ltr'>Asceticae</span> <span class='ocrx_word' id='word_1_296' title='bbox 507 3110 650 3187; x_wconf 90' lang='lat' dir='ltr'>principiis</span> <span class='ocrx_word' id='word_1_297' title='bbox 663 3109 775 3169; x_wconf 80' lang='lat' dir='ltr'>imbuit.</span> <span class='ocrx_word' id='word_1_298' title='bbox 816 3111 892 3168; x_wconf 87' lang='lat' dir='ltr'>Hinc</span> <span class='ocrx_word' id='word_1_299' title='bbox 907 3109 981 3167; x_wconf 88' lang='lat' dir='ltr'>baud</span> <span class='ocrx_word' id='word_1_300' title='bbox 996 3109 1093 3178; x_wconf 88' lang='lat' dir='ltr'>dubie,</span> <span class='ocrx_word' id='word_1_301' title='bbox 1108 3108 1200 3183; x_wconf 85' lang='lat' dir='ltr'>prime</span> <span class='ocrx_word' id='word_1_302' title='bbox 1213 3109 1290 3182; x_wconf 88' lang='lat' dir='ltr'>apud</span> <span class='ocrx_word' id='word_1_303' title='bbox 1306 3125 1356 3164; x_wconf 88' lang='lat' dir='ltr'>uos</span> <span class='ocrx_word' id='word_1_304' title='bbox 1378 3107 1485 3165; x_wconf 88' lang='lat' dir='ltr'>Cursus</span> <span class='ocrx_word' id='word_1_305' title='bbox 1498 3108 1701 3180; x_wconf 80' lang='lat' dir='ltr'>Ecclesiastici,</span> <span class='ocrx_word' id='word_1_306' title='bbox 1715 3129 1754 3166; x_wconf 82' lang='lat' dir='ltr'>ex</span> <span class='ocrx_word' id='word_1_307' title='bbox 1764 3108 1894 3176; x_wconf 80' lang='lat' dir='ltr'>Psalmis,</span> 
     </span>
     <span class='ocr_line' id='line_1_26' title="bbox 316 3211 1894 3290; baseline -0.003 -18"><span class='ocrx_word' id='word_1_308' title='bbox 316 3219 336 3252; x_wconf 90' lang='lat'>‘⁸</span> <span class='ocrx_word' id='word_1_309' title='bbox 357 3214 496 3284; x_wconf 87' lang='lat' dir='ltr'>Canticis,</span> <span class='ocrx_word' id='word_1_310' title='bbox 508 3224 537 3271; x_wconf 91' lang='lat' dir='ltr'>et</span> <span class='ocrx_word' id='word_1_311' title='bbox 551 3214 684 3290; x_wconf 75' lang='lat' dir='ltr'>Myrinis,</span> <span class='ocrx_word' id='word_1_312' title='bbox 706 3214 852 3282; x_wconf 85' lang='lat' dir='ltr'>Collectis,</span> <span class='ocrx_word' id='word_1_313' title='bbox 873 3224 902 3271; x_wconf 88' lang='lat' dir='ltr'>et</span> <span class='ocrx_word' id='word_1_314' title='bbox 915 3213 1097 3288; x_wconf 77' lang='lat' dir='ltr'>Antiphonis,</span> <span class='ocrx_word' id='word_1_315' title='bbox 1115 3213 1277 3288; x_wconf 89' lang='lat' dir='ltr'>promiscue</span> <span class='ocrx_word' id='word_1_316' title='bbox 1291 3211 1704 3288; x_wconf 66' lang='lat' dir='ltr'>Compmitinurmadesumta</span> <span class='ocrx_word' id='word_1_317' title='bbox 1715 3211 1779 3283; x_wconf 74' lang='lat' dir='ltr'>urit,</span> <span class='ocrx_word' id='word_1_318' title='bbox 1806 3228 1894 3290; x_wconf 75' lang='lat' dir='ltr'>quana</span> 
     </span>
     <span class='ocr_line' id='line_1_27' title="bbox 315 3315 1765 3395; baseline -0.001 -20"><span class='ocrx_word' id='word_1_319' title='bbox 315 3325 334 3354; x_wconf 96' lang='lat'>“</span> <span class='ocrx_word' id='word_1_320' title='bbox 357 3317 527 3388; x_wconf 78' lang='lat' dir='ltr'>Cestianum,</span> <span class='ocrx_word' id='word_1_321' title='bbox 545 3320 582 3376; x_wconf 91' lang='lat' dir='ltr'>ab</span> <span class='ocrx_word' id='word_1_322' title='bbox 595 3317 713 3375; x_wconf 83' lang='lat' dir='ltr'>Oriente</span> <span class='ocrx_word' id='word_1_323' title='bbox 723 3329 837 3394; x_wconf 89' lang='lat' dir='ltr'>sumptu</span> <span class='ocrx_word' id='word_1_324' title='bbox 858 3318 1000 3395; x_wconf 79' lang='lat' dir='ltr'>exemplu,</span> <span class='ocrx_word' id='word_1_325' title='bbox 1011 3318 1040 3375; x_wconf 90' lang='lat' dir='ltr'>in</span> <span class='ocrx_word' id='word_1_326' title='bbox 1053 3317 1165 3375; x_wconf 88' lang='lat' dir='ltr'>Gallias</span> <span class='ocrx_word' id='word_1_327' title='bbox 1184 3316 1373 3374; x_wconf 89' lang='lat' dir='ltr'>introduxisse</span> <span class='ocrx_word' id='word_1_328' title='bbox 1383 3316 1619 3374; x_wconf 88' lang='lat' dir='ltr'>verisimillimum</span> <span class='ocrx_word' id='word_1_329' title='bbox 1632 3315 1702 3375; x_wconf 83' lang='lat' dir='ltr'>ert.&#39;’</span> <span class='ocrx_word' id='word_1_330' title='bbox 1718 3316 1765 3390; x_wconf 83' lang='lat'>(5)</span> 
     </span>
    </p>

    <p class='ocr_par' dir='ltr' id='par_1_5' title="bbox 315 3420 1990 4340">
     <span class='ocr_line' id='line_1_28' title="bbox 357 3420 1893 3499; baseline -0.001 -21"><span class='ocrx_word' id='word_1_331' title='bbox 357 3421 429 3479; x_wconf 83' lang='lat' dir='ltr'>Haec</span> <span class='ocrx_word' id='word_1_332' title='bbox 444 3421 555 3479; x_wconf 81' lang='lat' dir='ltr'>adduxi</span> <span class='ocrx_word' id='word_1_333' title='bbox 562 3440 620 3479; x_wconf 89' lang='lat' dir='ltr'>non</span> <span class='ocrx_word' id='word_1_334' title='bbox 643 3422 735 3479; x_wconf 85' lang='lat' dir='ltr'>solunt</span> <span class='ocrx_word' id='word_1_335' title='bbox 749 3433 783 3480; x_wconf 86' lang='lat' dir='ltr'>ut</span> <span class='ocrx_word' id='word_1_336' title='bbox 797 3421 923 3480; x_wconf 77' lang='lat' dir='ltr'>ilibemi</span> <span class='ocrx_word' id='word_1_337' title='bbox 932 3433 1115 3499; x_wconf 80' lang='lat' dir='ltr'>cognoscant,</span> <span class='ocrx_word' id='word_1_338' title='bbox 1131 3442 1218 3499; x_wconf 87' lang='lat' dir='ltr'>quam</span> <span class='ocrx_word' id='word_1_339' title='bbox 1231 3423 1269 3482; x_wconf 83' lang='lat' dir='ltr'>sit</span> <span class='ocrx_word' id='word_1_340' title='bbox 1282 3425 1402 3498; x_wconf 89' lang='lat' dir='ltr'>antiqua</span> <span class='ocrx_word' id='word_1_341' title='bbox 1413 3423 1585 3481; x_wconf 73' lang='lat' dir='ltr'>Psalmudiae</span> <span class='ocrx_word' id='word_1_342' title='bbox 1593 3422 1732 3480; x_wconf 89' lang='lat' dir='ltr'>institutio</span> <span class='ocrx_word' id='word_1_343' title='bbox 1745 3423 1774 3478; x_wconf 90' lang='lat' dir='ltr'>in</span> <span class='ocrx_word' id='word_1_344' title='bbox 1789 3420 1893 3478; x_wconf 84' lang='lat' dir='ltr'>Hiber·</span> 
     </span>
     <span class='ocr_line' id='line_1_29' title="bbox 315 3523 1891 3600; baseline -0.001 -19"><span class='ocrx_word' id='word_1_345' title='bbox 315 3524 372 3593; x_wconf 88' lang='lat' dir='ltr'>nia,</span> <span class='ocrx_word' id='word_1_346' title='bbox 387 3543 443 3583; x_wconf 93' lang='lat' dir='ltr'>non</span> <span class='ocrx_word' id='word_1_347' title='bbox 458 3527 551 3584; x_wconf 87' lang='lat' dir='ltr'>solum</span> <span class='ocrx_word' id='word_1_348' title='bbox 574 3536 606 3582; x_wconf 86' lang='lat' dir='ltr'>ut</span> <span class='ocrx_word' id='word_1_349' title='bbox 627 3526 720 3584; x_wconf 89' lang='lat' dir='ltr'>sciant</span> <span class='ocrx_word' id='word_1_350' title='bbox 737 3526 847 3597; x_wconf 89' lang='lat' dir='ltr'>Gallos,</span> <span class='ocrx_word' id='word_1_351' title='bbox 875 3538 905 3584; x_wconf 85' lang='lat' dir='ltr'>et</span> <span class='ocrx_word' id='word_1_352' title='bbox 927 3527 1101 3584; x_wconf 65' lang='lat' dir='ltr'>alemannus</span> <span class='ocrx_word' id='word_1_353' title='bbox 1124 3529 1178 3585; x_wconf 85' lang='lat' dir='ltr'>ista</span> <span class='ocrx_word' id='word_1_354' title='bbox 1201 3527 1335 3584; x_wconf 81' lang='lat' dir='ltr'>instituta</span> <span class='ocrx_word' id='word_1_355' title='bbox 1349 3527 1485 3584; x_wconf 84' lang='lat' dir='ltr'>Hibernis</span> <span class='ocrx_word' id='word_1_356' title='bbox 1498 3533 1617 3600; x_wconf 88' lang='lat' dir='ltr'>accepta</span> <span class='ocrx_word' id='word_1_357' title='bbox 1641 3523 1815 3592; x_wconf 82' lang='lat' dir='ltr'>referre,sed</span> <span class='ocrx_word' id='word_1_358' title='bbox 1829 3524 1891 3580; x_wconf 63' lang='lat' dir='ltr'>Ara</span> 
     </span>
     <span class='ocr_line' id='line_1_30' title="bbox 318 3623 1890 3715; baseline 0 -30"><span class='ocrx_word' id='word_1_359' title='bbox 318 3627 507 3703; x_wconf 81' lang='lat' dir='ltr'>tiphunariuna</span> <span class='ocrx_word' id='word_1_360' title='bbox 517 3629 702 3688; x_wconf 81' lang='lat' dir='ltr'>Brnclorrrrr</span> <span class='ocrx_word' id='word_1_361' title='bbox 715 3630 941 3706; x_wconf 85' lang='lat' dir='ltr'>antiquissimum</span> <span class='ocrx_word' id='word_1_362' title='bbox 959 3650 1044 3708; x_wconf 89' lang='lat' dir='ltr'>supra</span> <span class='ocrx_word' id='word_1_363' title='bbox 1063 3639 1263 3699; x_wconf 88' lang='lat' dir='ltr'>memoratum,</span> <span class='ocrx_word' id='word_1_364' title='bbox 1288 3630 1400 3715; x_wconf 78' lang='lat' dir='ltr'>editum</span> <span class='ocrx_word' id='word_1_365' title='bbox 1429 3649 1448 3687; x_wconf 93' lang='lat' dir='ltr'>a</span> <span class='ocrx_word' id='word_1_366' title='bbox 1473 3628 1635 3687; x_wconf 74' lang='lat' dir='ltr'>lilarutoriu</span> <span class='ocrx_word' id='word_1_367' title='bbox 1658 3635 1736 3684; x_wconf 87' lang='lat' dir='ltr'>tomo</span> <span class='ocrx_word' id='word_1_368' title='bbox 1749 3626 1777 3682; x_wconf 82' lang='lat' dir='ltr'>ir</span> <span class='ocrx_word' id='word_1_369' title='bbox 1792 3623 1890 3685; x_wconf 76' lang='lat' dir='ltr'>Aued-</span> 
     </span>
     <span class='ocr_line' id='line_1_31' title="bbox 317 3730 1893 3811; baseline -0.003 -19"><span class='ocrx_word' id='word_1_370' title='bbox 317 3735 460 3804; x_wconf 85' lang='lat' dir='ltr'>duturum,</span> <span class='ocrx_word' id='word_1_371' title='bbox 477 3754 540 3811; x_wconf 82' lang='lat' dir='ltr'>pag.</span> <span class='ocrx_word' id='word_1_372' title='bbox 553 3738 620 3804; x_wconf 79' lang='lat'>125,</span> <span class='ocrx_word' id='word_1_373' title='bbox 640 3735 774 3793; x_wconf 82' lang='lat' dir='ltr'>exbibete</span> <span class='ocrx_word' id='word_1_374' title='bbox 818 3740 837 3768; x_wconf 93' lang='lat'>“</span> <span class='ocrx_word' id='word_1_375' title='bbox 848 3733 990 3811; x_wconf 65' lang='lat' dir='ltr'>Humanas</span> <span class='ocrx_word' id='word_1_376' title='bbox 999 3734 1031 3794; x_wconf 90' lang='lat' dir='ltr'>S.</span> <span class='ocrx_word' id='word_1_377' title='bbox 1044 3735 1167 3793; x_wconf 86' lang='lat' dir='ltr'>Patricii</span> <span class='ocrx_word' id='word_1_378' title='bbox 1180 3734 1322 3811; x_wconf 80' lang='lat' dir='ltr'>Magistri</span> <span class='ocrx_word' id='word_1_379' title='bbox 1334 3733 1496 3792; x_wconf 84' lang='lat' dir='ltr'>Scotorarn”</span> <span class='ocrx_word' id='word_1_380' title='bbox 1522 3733 1639 3810; x_wconf 85' lang='lat' dir='ltr'>dequo</span> <span class='ocrx_word' id='word_1_381' title='bbox 1663 3732 1840 3793; x_wconf 87' lang='lat' dir='ltr'>Muraturius</span> <span class='ocrx_word' id='word_1_382' title='bbox 1861 3730 1893 3788; x_wconf 90' lang='lat' dir='ltr'>in</span> 
     </span>
     <span class='ocr_line' id='line_1_32' title="bbox 318 3837 1990 3918; baseline -0.001 -21"><span class='ocrx_word' id='word_1_383' title='bbox 318 3839 488 3900; x_wconf 87' lang='lat' dir='ltr'>Praelatione</span> <span class='ocrx_word' id='word_1_384' title='bbox 508 3842 661 3918; x_wconf 89' lang='lat' dir='ltr'>inquit-‘⁸</span> <span class='ocrx_word' id='word_1_385' title='bbox 678 3841 798 3900; x_wconf 87' lang='lat' dir='ltr'>Memini</span> <span class='ocrx_word' id='word_1_386' title='bbox 813 3841 971 3900; x_wconf 90' lang='lat' dir='ltr'>Cl.Virum</span> <span class='ocrx_word' id='word_1_387' title='bbox 991 3842 1023 3900; x_wconf 92' lang='grc' dir='ltr'>Ρ.</span> <span class='ocrx_word' id='word_1_388' title='bbox 1037 3842 1076 3898; x_wconf 87' lang='lat' dir='ltr'>D.</span> <span class='ocrx_word' id='word_1_389' title='bbox 1092 3842 1126 3899; x_wconf 88' lang='grc' dir='ltr'>Β.</span> <span class='ocrx_word' id='word_1_390' title='bbox 1146 3843 1183 3899; x_wconf 91' lang='lat' dir='ltr'>de</span> <span class='ocrx_word' id='word_1_391' title='bbox 1197 3837 1393 3917; x_wconf 80' lang='lat' dir='ltr'>Muntsuacen,</span> <span class='ocrx_word' id='word_1_392' title='bbox 1416 3840 1486 3895; x_wconf 87' lang='lat' dir='ltr'>dunt</span> <span class='ocrx_word' id='word_1_393' title='bbox 1514 3838 1583 3896; x_wconf 90' lang='lat' dir='ltr'>olim</span> <span class='ocrx_word' id='word_1_394' title='bbox 1606 3837 1764 3898; x_wconf 88' lang='lat' dir='ltr'>Mediolani</span> <span class='ocrx_word' id='word_1_395' title='bbox 1787 3845 1897 3913; x_wconf 84' lang='lat' dir='ltr'>ageret,</span> <span class='ocrx_word' id='word_1_396' title='bbox 1987 3862 1990 3866; x_wconf 91' lang='lat'>·</span> 
     </span>
     <span class='ocr_line' id='line_1_33' title="bbox 317 3944 1895 4026; baseline -0.004 -19"><span class='ocrx_word' id='word_1_397' title='bbox 317 3954 336 3984; x_wconf 74' lang='lat'>‘¹</span> <span class='ocrx_word' id='word_1_398' title='bbox 357 3959 512 4026; x_wconf 86' lang='lat' dir='ltr'>conspecta</span> <span class='ocrx_word' id='word_1_399' title='bbox 523 3947 639 4006; x_wconf 89' lang='lat' dir='ltr'>Codicis</span> <span class='ocrx_word' id='word_1_400' title='bbox 652 3947 738 4021; x_wconf 89' lang='lat' dir='ltr'>hujus</span> <span class='ocrx_word' id='word_1_401' title='bbox 752 3966 787 4005; x_wconf 89' lang='lat' dir='ltr'>ac</span> <span class='ocrx_word' id='word_1_402' title='bbox 803 3948 985 4005; x_wconf 90' lang='lat' dir='ltr'>Monumenti</span> <span class='ocrx_word' id='word_1_403' title='bbox 1000 3956 1150 4017; x_wconf 84' lang='lat' dir='ltr'>vetustate,</span> <span class='ocrx_word' id='word_1_404' title='bbox 1165 3945 1235 4003; x_wconf 90' lang='lat' dir='ltr'>mihi</span> <span class='ocrx_word' id='word_1_405' title='bbox 1250 3944 1409 4002; x_wconf 85' lang='lat' dir='ltr'>ostendenti</span> <span class='ocrx_word' id='word_1_406' title='bbox 1422 3945 1506 4001; x_wconf 86' lang='lat' dir='ltr'>luisse</span> <span class='ocrx_word' id='word_1_407' title='bbox 1519 3945 1705 4019; x_wconf 86' lang='lat' dir='ltr'>gratulatum.</span> <span class='ocrx_word' id='word_1_408' title='bbox 1749 3944 1895 4003; x_wconf 84' lang='lat' dir='ltr'>Narrabat</span> 
     </span>
     <span class='ocr_line' id='line_1_34' title="bbox 316 4043 1895 4128; baseline -0.003 -19"><span class='ocrx_word' id='word_1_409' title='bbox 316 4057 335 4086; x_wconf 89' lang='lat'>‘⁸</span> <span class='ocrx_word' id='word_1_410' title='bbox 357 4054 463 4128; x_wconf 91' lang='lat' dir='ltr'>quippe</span> <span class='ocrx_word' id='word_1_411' title='bbox 476 4051 619 4109; x_wconf 87' lang='lat' dir='ltr'>inGalliis</span> <span class='ocrx_word' id='word_1_412' title='bbox 632 4071 693 4109; x_wconf 82' lang='lat' dir='ltr'>esse</span> <span class='ocrx_word' id='word_1_413' title='bbox 707 4051 849 4108; x_wconf 86' lang='lat' dir='ltr'>eruditum</span> <span class='ocrx_word' id='word_1_414' title='bbox 869 4052 1031 4127; x_wconf 82' lang='lat' dir='ltr'>quemdam,</span> <span class='ocrx_word' id='word_1_415' title='bbox 1046 4051 1092 4109; x_wconf 89' lang='lat' dir='ltr'>cui</span> <span class='ocrx_word' id='word_1_416' title='bbox 1107 4063 1173 4109; x_wconf 85' lang='lat' dir='ltr'>nata</span> <span class='ocrx_word' id='word_1_417' title='bbox 1188 4049 1311 4126; x_wconf 89' lang='lat' dir='ltr'>suspicio</span> <span class='ocrx_word' id='word_1_418' title='bbox 1325 4049 1431 4116; x_wconf 86' lang='lat' dir='ltr'>luerat,</span> <span class='ocrx_word' id='word_1_419' title='bbox 1455 4066 1512 4105; x_wconf 94' lang='lat' dir='ltr'>nun</span> <span class='ocrx_word' id='word_1_420' title='bbox 1526 4047 1601 4124; x_wconf 89' lang='lat' dir='ltr'>ipsas</span> <span class='ocrx_word' id='word_1_421' title='bbox 1621 4049 1713 4107; x_wconf 84' lang='lat' dir='ltr'>solum</span> <span class='ocrx_word' id='word_1_422' title='bbox 1739 4048 1769 4107; x_wconf 90' lang='lat' dir='ltr'>S.</span> <span class='ocrx_word' id='word_1_423' title='bbox 1778 4043 1895 4110; x_wconf 80' lang='lat' dir='ltr'>Patricii</span> 
     </span>
     <span class='ocr_line' id='line_1_35' title="bbox 316 4151 1899 4226; baseline -0.001 -18"><span class='ocrx_word' id='word_1_424' title='bbox 316 4158 336 4189; x_wconf 90' lang='lat'>‘⁸</span> <span class='ocrx_word' id='word_1_425' title='bbox 359 4172 401 4208; x_wconf 90' lang='lat' dir='ltr'>res</span> <span class='ocrx_word' id='word_1_426' title='bbox 412 4165 514 4226; x_wconf 89' lang='lat' dir='ltr'>gestas,</span> <span class='ocrx_word' id='word_1_427' title='bbox 527 4158 577 4213; x_wconf 91' lang='lat' dir='ltr'>sed</span> <span class='ocrx_word' id='word_1_428' title='bbox 591 4156 716 4216; x_wconf 88' lang='lat' dir='ltr'>eundem</span> <span class='ocrx_word' id='word_1_429' title='bbox 732 4156 767 4215; x_wconf 61' lang='lat' dir='ltr'>S..</span> <span class='ocrx_word' id='word_1_430' title='bbox 773 4156 930 4215; x_wconf 87' lang='lat' dir='ltr'>Patricium</span> <span class='ocrx_word' id='word_1_431' title='bbox 949 4155 1023 4213; x_wconf 89' lang='lat' dir='ltr'>inter</span> <span class='ocrx_word' id='word_1_432' title='bbox 1036 4155 1145 4214; x_wconf 77' lang='lat' dir='ltr'>tabulas</span> <span class='ocrx_word' id='word_1_433' title='bbox 1163 4156 1346 4213; x_wconf 81' lang='lat' dir='ltr'>Romanenrsr</span> <span class='ocrx_word' id='word_1_434' title='bbox 1368 4172 1436 4212; x_wconf 87' lang='lat' dir='ltr'>esse·</span> <span class='ocrx_word' id='word_1_435' title='bbox 1450 4152 1675 4221; x_wconf 86' lang='lat' dir='ltr'>amandandum,</span> <span class='ocrx_word' id='word_1_436' title='bbox 1691 4151 1775 4209; x_wconf 86' lang='lat' dir='ltr'>tantis</span> <span class='ocrx_word' id='word_1_437' title='bbox 1789 4164 1899 4225; x_wconf 71' lang='lat' dir='ltr'>nempe.</span> 
     </span>
     <span class='ocr_line' id='line_1_36' title="bbox 317 4252 1894 4340; baseline -0.004 -28"><span class='ocrx_word' id='word_1_438' title='bbox 317 4262 337 4290; x_wconf 91' lang='lat'>“</span> <span class='ocrx_word' id='word_1_439' title='bbox 358 4255 480 4312; x_wconf 90' lang='lat' dir='ltr'>anilibus</span> <span class='ocrx_word' id='word_1_440' title='bbox 495 4262 664 4318; x_wconf 86' lang='lat' dir='ltr'>commentis</span> <span class='ocrx_word' id='word_1_441' title='bbox 676 4262 831 4339; x_wconf 89' lang='lat' dir='ltr'>deturpata</span> <span class='ocrx_word' id='word_1_442' title='bbox 845 4263 935 4321; x_wconf 84' lang='lat' dir='ltr'>luerat</span> <span class='ocrx_word' id='word_1_443' title='bbox 950 4263 979 4320; x_wconf 89' lang='lat' dir='ltr'>S.</span> <span class='ocrx_word' id='word_1_444' title='bbox 993 4261 1068 4319; x_wconf 87' lang='lat' dir='ltr'>illius</span> <span class='ocrx_word' id='word_1_445' title='bbox 1092 4262 1224 4340; x_wconf 86' lang='lat' dir='ltr'>Episcopi</span> <span class='ocrx_word' id='word_1_446' title='bbox 1239 4261 1377 4320; x_wconf 82' lang='lat' dir='ltr'>Historia.</span> <span class='ocrx_word' id='word_1_447' title='bbox 1419 4257 1684 4335; x_wconf 86' lang='lat' dir='ltr'>Atprolectounus</span> <span class='ocrx_word' id='word_1_448' title='bbox 1698 4254 1745 4310; x_wconf 89' lang='lat' dir='ltr'>bic</span> <span class='ocrx_word' id='word_1_449' title='bbox 1759 4252 1894 4326; x_wconf 82' lang='lat' dir='ltr'>Hymnus</span> 
     </span>
    </p>
   </div>
   <div class='ocr_carea' id='block_1_3' title="bbox 327 4551 1828 4943">
    <p class='ocr_par' dir='ltr' id='par_1_6' title="bbox 328 4551 847 4624">
     <span class='ocr_line' id='line_1_37' title="bbox 328 4551 847 4624; baseline -0.004 -17"><span class='ocrx_word' id='word_1_450' title='bbox 328 4558 371 4624; x_wconf 82' lang='lat' dir='ltr'>(t)</span> <span class='ocrx_word' id='word_1_451' title='bbox 388 4557 503 4607; x_wconf 80' lang='lat' dir='ltr'>Malillen</span> <span class='ocrx_word' id='word_1_452' title='bbox 513 4553 553 4603; x_wconf 90' lang='lat' dir='ltr'>De</span> <span class='ocrx_word' id='word_1_453' title='bbox 564 4553 671 4618; x_wconf 84' lang='lat' dir='ltr'>Liturgia</span> <span class='ocrx_word' id='word_1_454' title='bbox 679 4551 734 4601; x_wconf 89' lang='lat' dir='ltr'>Gal.</span> <span class='ocrx_word' id='word_1_455' title='bbox 747 4570 770 4617; x_wconf 89' lang='lat' dir='ltr'>p.</span> <span class='ocrx_word' id='word_1_456' title='bbox 782 4558 847 4605; x_wconf 80' lang='lat'>381.</span> 
     </span>
    </p>

    <p class='ocr_par' dir='ltr' id='par_1_7' title="bbox 329 4630 1734 4706">
     <span class='ocr_line' id='line_1_38' title="bbox 329 4630 1734 4706; baseline -0.004 -18"><span class='ocrx_word' id='word_1_457' title='bbox 329 4639 372 4698; x_wconf 75' lang='lat' dir='ltr'>(i)</span> <span class='ocrx_word' id='word_1_458' title='bbox 389 4640 472 4687; x_wconf 79' lang='lat' dir='ltr'>Parate</span> <span class='ocrx_word' id='word_1_459' title='bbox 483 4635 666 4686; x_wconf 83' lang='lat' dir='ltr'>vetustissimum</span> <span class='ocrx_word' id='word_1_460' title='bbox 677 4635 834 4683; x_wconf 83' lang='lat' dir='ltr'>Hibernicum</span> <span class='ocrx_word' id='word_1_461' title='bbox 845 4637 927 4685; x_wconf 80' lang='lat' dir='ltr'>Fieclti</span> <span class='ocrx_word' id='word_1_462' title='bbox 940 4637 1070 4701; x_wconf 83' lang='lat' dir='ltr'>Sleptensia</span> <span class='ocrx_word' id='word_1_463' title='bbox 1079 4640 1103 4688; x_wconf 91' lang='lat' dir='ltr'>in</span> <span class='ocrx_word' id='word_1_464' title='bbox 1115 4641 1267 4706; x_wconf 81' lang='lat' dir='ltr'>Appendice.</span> <span class='ocrx_word' id='word_1_465' title='bbox 1300 4637 1390 4688; x_wconf 76' lang='lat' dir='ltr'>Confer</span> <span class='ocrx_word' id='word_1_466' title='bbox 1402 4638 1546 4687; x_wconf 69' lang='lat' dir='ltr'>bollandum</span> <span class='ocrx_word' id='word_1_467' title='bbox 1557 4633 1587 4683; x_wconf 87' lang='lat' dir='ltr'>ad</span> <span class='ocrx_word' id='word_1_468' title='bbox 1600 4637 1631 4682; x_wconf 80' lang='lat'>1⁷</span> <span class='ocrx_word' id='word_1_469' title='bbox 1643 4630 1734 4680; x_wconf 80' lang='lat' dir='ltr'>Martii.</span> 
     </span>
    </p>

    <p class='ocr_par' dir='ltr' id='par_1_8' title="bbox 327 4712 1828 4865">
     <span class='ocr_line' id='line_1_39' title="bbox 327 4712 1828 4786; baseline -0.003 -19"><span class='ocrx_word' id='word_1_470' title='bbox 327 4719 370 4782; x_wconf 81' lang='lat'>(3)</span> <span class='ocrx_word' id='word_1_471' title='bbox 387 4720 474 4767; x_wconf 85' lang='lat' dir='ltr'>Rutilii</span> <span class='ocrx_word' id='word_1_472' title='bbox 485 4720 641 4767; x_wconf 83' lang='lat' dir='ltr'>Namantiuni</span> <span class='ocrx_word' id='word_1_473' title='bbox 653 4717 810 4765; x_wconf 85' lang='lat' dir='ltr'>itinerarium.</span> <span class='ocrx_word' id='word_1_474' title='bbox 822 4717 880 4764; x_wconf 91' lang='lat' dir='ltr'>edit.</span> <span class='ocrx_word' id='word_1_475' title='bbox 889 4718 1002 4767; x_wconf 82' lang='lat' dir='ltr'>Muitaire</span> <span class='ocrx_word' id='word_1_476' title='bbox 1012 4736 1035 4783; x_wconf 93' lang='lat' dir='ltr'>p.</span> <span class='ocrx_word' id='word_1_477' title='bbox 1049 4724 1119 4769; x_wconf 72' lang='lat'>1413.</span> <span class='ocrx_word' id='word_1_478' title='bbox 1141 4721 1230 4786; x_wconf 76' lang='lat' dir='ltr'>Fleury</span> <span class='ocrx_word' id='word_1_479' title='bbox 1240 4718 1303 4767; x_wconf 78' lang='lat' dir='ltr'>Hist-</span> <span class='ocrx_word' id='word_1_480' title='bbox 1314 4717 1381 4767; x_wconf 81' lang='lat' dir='ltr'>Eccl.</span> <span class='ocrx_word' id='word_1_481' title='bbox 1393 4718 1409 4766; x_wconf 90' lang='grc' dir='ltr'>Ι.</span> <span class='ocrx_word' id='word_1_482' title='bbox 1419 4723 1459 4773; x_wconf 72' lang='lat' dir='ltr'>la,</span> <span class='ocrx_word' id='word_1_483' title='bbox 1471 4735 1494 4766; x_wconf 94' lang='lat' dir='ltr'>n.</span> <span class='ocrx_word' id='word_1_484' title='bbox 1505 4719 1545 4767; x_wconf 82' lang='lat'>5⁶.</span> <span class='ocrx_word' id='word_1_485' title='bbox 1557 4712 1633 4769; x_wconf 83' lang='lat' dir='ltr'>Paris,</span> <span class='ocrx_word' id='word_1_486' title='bbox 1642 4716 1715 4770; x_wconf 71' lang='lat'>1724,</span> <span class='ocrx_word' id='word_1_487' title='bbox 1727 4728 1750 4777; x_wconf 82' lang='lat' dir='ltr'>p.</span> <span class='ocrx_word' id='word_1_488' title='bbox 1762 4714 1828 4762; x_wconf 77' lang='lat'><strong>600·-</strong></span> 
     </span>
     <span class='ocr_line' id='line_1_40' title="bbox 330 4791 1650 4865; baseline -0.002 -20"><span class='ocrx_word' id='word_1_489' title='bbox 330 4791 373 4861; x_wconf 66' lang='grc'>(4)</span> <span class='ocrx_word' id='word_1_490' title='bbox 388 4798 452 4846; x_wconf 85' lang='lat' dir='ltr'>Vide</span> <span class='ocrx_word' id='word_1_491' title='bbox 463 4815 534 4861; x_wconf 82' lang='lat' dir='ltr'>supra</span> <span class='ocrx_word' id='word_1_492' title='bbox 544 4807 613 4847; x_wconf 85' lang='lat' dir='ltr'>notas</span> <span class='ocrx_word' id='word_1_493' title='bbox 624 4799 654 4846; x_wconf 88' lang='lat' dir='ltr'>ad</span> <span class='ocrx_word' id='word_1_494' title='bbox 666 4814 741 4846; x_wconf 88' lang='lat' dir='ltr'>annos</span> <span class='ocrx_word' id='word_1_495' title='bbox 751 4800 810 4857; x_wconf 77' lang='lat'>74⁷,</span> <span class='ocrx_word' id='word_1_496' title='bbox 822 4813 845 4860; x_wconf 94' lang='lat' dir='ltr'>p.</span> <span class='ocrx_word' id='word_1_497' title='bbox 857 4800 962 4855; x_wconf 75' lang='lat' dir='ltr'>9t,756,</span> <span class='ocrx_word' id='word_1_498' title='bbox 973 4814 997 4863; x_wconf 88' lang='lat' dir='ltr'>p.</span> <span class='ocrx_word' id='word_1_499' title='bbox 1010 4803 1118 4857; x_wconf 64' lang='lat' dir='ltr'>wad,</span> <span class='ocrx_word' id='word_1_500' title='bbox 1130 4794 1406 4865; x_wconf 73' lang='lat' dir='ltr'>p..1ttt,etprerrrtim.</span> <span class='ocrx_word' id='word_1_501' title='bbox 1418 4799 1650 4862; x_wconf 75' lang='lat' dir='ltr'>ann.⁷7⁷,p.107..</span> 
     </span>
    </p>

    <p class='ocr_par' dir='ltr' id='par_1_9' title="bbox 332 4877 846 4943">
     <span class='ocr_line' id='line_1_41' title="bbox 332 4877 846 4943; baseline -0.002 -18"><span class='ocrx_word' id='word_1_502' title='bbox 332 4878 376 4942; x_wconf 68' lang='grc' dir='ltr'>(ὅ)</span> <span class='ocrx_word' id='word_1_503' title='bbox 393 4877 731 4935; x_wconf 64' lang='lat' dir='ltr'>unaet.11ist.,b1us.t.1t,</span> <span class='ocrx_word' id='word_1_504' title='bbox 744 4895 769 4943; x_wconf 90' lang='lat' dir='ltr'>p.</span> <span class='ocrx_word' id='word_1_505' title='bbox 784 4879 846 4928; x_wconf 57' lang='lat'>16⁵..</span> 
     </span>
    </p>
   </div>
   <div class='ocr_carea' id='block_1_4' title="bbox 0 0 2240 6000">
    <p class='ocr_par' dir='ltr' id='par_1_10' title="bbox 0 0 2240 6000">
     <span class='ocr_line' id='line_1_42' title="bbox 0 0 2240 6000; baseline 0 0"><span class='ocrx_word' id='word_1_506' title='bbox 0 0 2240 6000; x_wconf 95' lang='lat' dir='ltr'> </span> 
     </span>
    </p>
   </div>
  </div>
 </body>
</html>
