4446 6000
334 469 434 577 106
785 502 1047 567 ANNALES
1088 501 1490 570 onronrnnsns.

325 684 430 767 Atlio
449 684 590 758 Damni
608 685 649 758 it.
671 707 719 756 na
737 684 822 758 hair
840 686 927 772 tira,
965 695 987 762 7
1007 683 1041 756 b.
1054 684 1178 759 Ecaclr
1199 684 1303 773 Gaba,
1339 683 1449 780 [inter
1477 680 1675 765 orientales
1691 696 1729 758 et
1745 690 1914 783 posteros

324 806 452 898 Eachi,
468 807 627 906 regionis
647 801 772 900 Cobo]
788 808 825 880 in
841 835 916 906 quo
935 808 1073 882 cecidit
1091 807 1277 907 Garmgal
1290 831 1367 881 mac
1383 807 1529 882 Canaill
1544 809 1626 880 crui
1641 807 1812 902 [strenui]
1830 808 1915 884 Rex

181 944 185 949 '
333 929 437 1006 Cabo.
468 932 606 1028 Eugaa
619 953 697 1004 mac
712 932 885 1004 Rancian
902 931 974 1004 Ab.
986 931 1171 1021 Lissmoir,
1193 944 1215 1012 7
1225 932 1442 1005 Maenuba
1461 933 1493 1002 Ιι.
1511 931 1691 1026 Moirrar'g
1709 929 1909 1028 perierunt.

335 1056 433 1130 Cata
467 1056 596 1129 aosrad
623 1056 665 1126 it.
694 1081 719 1127 a
739 1054 843 1127 Neill
860 1067 880 1134 7
898 1054 1019 1126 Mum.
1064 1055 1246 1151 [praelium
1275 1067 1384 1129 atrox
1407 1056 1504 1128 inter
1522 1054 1717 1129 ONeillos
1757 1068 1795 1127 et
1825 1051 1912 1127 Mo·

324 1178 545 1270 monienses]
576 1178 615 1251 in
643 1203 717 1274 quo
734 1177 877 1250 familia
894 1178 1094 1274 Dernmigi
1111 1176 1195 1266 fuit,
1215 1190 1252 1251 et
1270 1178 1335 1250 filii
1354 1179 1389 1250 T
1384 1179 1481 1252 abait
1503 1180 1536 1251 ·i·
1557 1177 1776 1266 Daniecaid,
1795 1184 1821 1258 7
1838 1178 1912 1253 Ca·

309 1294 493 1387 'rrarmaa
529 1314 551 1381 7
570 1303 639 1376 alii
659 1301 705 1374 de
733 1302 815 1374 liliis
834 1300 1060 1390 Dominam,
1093 1312 1116 1382 7
1135 1302 1354 1375 ceciderunt
1372 1303 1482 1376 multi
1502 1303 1549 1375 de
1564 1301 1705 1391 Moatra,
1744 1302 1913 1398 [demo--

264 1497 268 1503 ,
323 1423 603 1518 moniensibus,]
626 1438 662 1497 et
676 1426 836 1498 victores
853 1424 1007 1498 fuerunt
1023 1441 1175 1524 nepotes
1194 1427 1303 1499 Naill
1320 1427 1494 1500 Conbadlr
1513 1430 1675 1499 imracan.

323 1550 392 1627 fitt-
419 1544 496 1624 aa
511 1550 567 1631 lar
584 1550 635 1625 tt
686 1549 709 1622 J
716 1575 776 1647 ug.
797 1574 862 1623 mc.
884 1550 1121 1624 Cumascaica
1139 1549 1316 1637 ocadraib,
1334 1550 1373 1644 [J
1378 1551 1550 1646 ugulatio
1570 1550 1637 1622 filii
1656 1548 1914 1626 Cumuscach'r

323 1670 370 1745 ab
388 1669 620 1764 haeredibus]
638 1673 728 1744 alius
747 1672 857 1761 vixit,
880 1672 975 1745 alius
991 1686 1160 1745 mortuus
1178 1684 1242 1744 est.
1299 1672 1456 1746 Consoid
1471 1672 1568 1747 Catlr
1584 1675 1751 1748 imairecc
1766 1676 1805 1747 it.
1824 1677 1912 1749 daa-

323 1796 506 1892 acernaig.
539 1796 744 1891 [altercatio
761 1796 875 1892 praelii
894 1820 944 1869 ex
964 1796 1153 1869 simultate
1177 1795 1274 1869 inter
1292 1796 1386 1871 duos
1408 1795 1628 1895 Cemagios]
1664 1799 1698 1870 ·i·
1723 1799 1846 1887 Nol,
1885 1805 1910 1880 7

325 1934 395 1996 cet
418 1918 537 2007 multi,
555 1919 592 1991 Iri
602 1916 723 2017 saitci
742 1920 964 1994 Galadrama.
1007 1921 1062 2015 [in
1086 1920 1224 2018 campis
1251 1918 1511 2011 Caladromae.]
1553 1918 1676 2017 Sloglr.
1694 1918 1838 2018 Laigen
1872 1922 1915 1993 Ia·

325 2043 496 2121 Daanclz.
510 2039 578 2139 for
592 2041 730 2142 Brega.
774 2047 923 2118 Indaile
937 2046 1070 2140 gaimis
1085 2045 1142 2116 sia
1160 2042 1322 2133 Samma,
1345 2045 1379 2115 ·i·
1386 2042 1530 2141 fleaadlz
1546 2065 1630 2130 arar,
1651 2052 1674 2121 7
1689 2042 1907 2139 gaethmor.

325 2164 525 2264 [Exercitu
577 2164 819 2266 Lageniensis
848 2168 985 2241 ductus
1008 2192 1031 2238 a
1062 2166 1277 2240 Dunchado
1308 2180 1441 2239 contra
1473 2165 1698 2264 Bregienaes.
1752 2163 1909 2239 Diluvia

323 2302 479 2366 ventosa
496 2291 535 2365 in
549 2304 686 2381 aestate,
714 2292 736 2365 i.
747 2318 778 2368 e.
796 2291 994 2365 inundatio
1008 2314 1146 2387 magna
1163 2289 1347 2377 imbrium,
1384 2301 1422 2362 et
1453 2302 1587 2364 ventus
1617 2289 1806 2390 magnus]
1843 2293 1907 2388 (l)

322 2407 470 2490 Flatria
485 2414 583 2488 filius
602 2415 816 2489 Domhaaill
831 2415 927 2512 regis
955 2413 1395 2490 conacat.....cumnsact
1420 2416 1458 2487 ia
1479 2414 1678 2512 Daenaiglr
1707 2417 1744 2488 la
1763 2414 1907 2491 Donah.

312 2534 384 2634 sor·
400 2537 616 2613 Cianaacltt.
635 2537 758 2635 [Levis
776 2563 911 2637 pugna,
936 2563 999 2612 seu
1016 2538 1193 2625 volitatio,
1214 2538 1316 2611 facta
1332 2538 1430 2637 apud
1445 2538 1613 2632 bonag,
1627 2561 1649 2607 a
1666 2532 1910 2611 Dunnchado

322 2659 428 2757 Rege
445 2672 575 2734 contra
593 2660 942 2756 Ciannachtenses]
999 2665 1029 2736 I
1027 2689 1050 2735 a
1068 2663 1219 2736 coccadlt
1237 2665 1278 2735 it.
1299 2662 1457 2735 Domrclr
1475 2670 1499 2741 7
1515 2658 1709 2754 Congalac.
1746 2657 1909 2753 [Bellum

323 2782 421 2858 inter
446 2780 633 2858 Donchad
650 2795 689 2858 et
706 2784 927 2882 Congalac.]
996 2787 1142 2885 Strages
1161 2787 1332 2884 Colraigi
1360 2788 1396 2859 la
1423 2786 1472 2858 ltu
1491 2781 1705 2857 Fiaalrrach.
1731 2780 1848 2878 [facta
1863 2781 1911 2856 ab

324 2906 391 3006 Hy
406 2907 582 3003 Fiaoriis.]
597 2909 683 2983 Bon
700 2908 895 3008 Bodblrgai
918 2909 1060 3009 sapiens
1083 2910 1186 2984 obiit.
1257 2911 1413 2984 Iadriat
1431 2906 1529 3008 sala.
1549 2907 1688 2983 Galrai
1720 2910 1829 2983 imdai
1858 2910 1909 2983 ol·

319 3154 566 3251 taor.,[Boum
580 3169 720 3254 strages
737 3159 904 3254 magna]

319 3282 393 3366 fla.
418 3279 495 3356 aa
510 3279 568 3363 lat
582 3280 648 3356 aii.
702 3278 748 3350 In
763 3281 878 3374 cogad
891 3302 919 3352 c.
935 3303 985 3352 aa
1002 3282 1045 3354 it.
1066 3277 1224 3356 Dannclt
1241 3305 1306 3357 mc.
1326 3283 1496 3382 Conaiag
1510 3293 1534 3365 7
1550 3283 1751 3382 Corrgalac.
1785 3281 1908 3380 [Idem

320 3402 457 3479 bellum
491 3401 588 3475 inter
619 3398 808 3474 Donchad
832 3400 950 3494 lilium
980 3401 1150 3502 Conang,
1185 3419 1223 3480 et
1252 3407 1475 3507 Congalac,]
1529 3408 1636 3489 7bal.
1672 3406 1907 3484 Forcalaidr‘a

322 3552 372 3611 ua
405 3521 598 3625 sorciann,
638 3523 694 3617 [et
727 3523 891 3620 praelium
925 3523 1140 3600 Forchalaid
1171 3542 1316 3628 gestum
1350 3532 1556 3631 propterea]
1594 3531 1658 3605 ubi
1692 3529 1909 3605 ceciderunt

324 3650 535 3749 Congalaclr
562 3672 640 3722 maa
659 3647 837 3747 Canaiag,
875 3663 912 3723 et
931 3650 1060 3725 Caana
1087 3677 1165 3728 mac
1191 3654 1314 3743 Ceiad,
1336 3667 1359 3737 7
1378 3657 1553 3730 Dermait
1576 3680 1631 3729 ma
1658 3653 1850 3750 Clotlrgni,
1880 3660 1906 3732 7

322 3775 498 3855 Daanclr.
516 3797 570 3851 mc
587 3773 707 3864 Aleia,
742 3786 765 3854 7
795 3773 986 3849 Flaitlmia
1005 3801 1059 3850 mc
1076 3778 1303 3870 Maeleduirr,
1341 3792 1364 3860 7
1383 3781 1425 3853 ci.
1445 3778 1563 3851 multi.
1593 3776 1755 3852 Doanala
1787 3775 1908 3849 victor

317 3898 402 3983 fuit
466 3898 687 3974 Combustio
721 3897 867 3973 Cluana
900 3924 955 3974 mc
985 3902 1123 3977 Canaia
1161 3906 1199 3978 1ιὶ
1218 3904 1275 3976 VI
1303 3903 1358 3976 Id.
1378 3902 1403 3976 J
1409 3901 1470 3974 uil.
1542 3901 1700 3975 Indruit
1717 3895 1819 3999 fala.
1854 3898 1909 3972 In

323 4025 366 4097 bo
382 4049 428 4097 ar
444 4048 524 4097 mar
540 4022 695 4119 [Fluxus
709 4023 912 4121 sanguinis,
934 4025 1053 4099 Boum
1071 4041 1221 4126 strages,
1243 4052 1307 4102 seu
1325 4026 1528 4100 mortalitas
1545 4022 1711 4122 magna]
1727 4022 1806 4096 Lex
1825 4021 1904 4096 cor.

324 4147 388 4222 Cil
397 4151 434 4222 la
447 4148 603 4222 Donaclt
618 4150 794 4228 7Bresal.
813 4149 974 4250 [Regula
993 4150 1206 4225 Monastica
1219 4151 1252 4224 S.
1268 4150 1461 4225 Columba
1481 4148 1677 4222 stabilitaa
1694 4144 1906 4220 Donchado

321 4467 370 4540 (1)
388 4466 446 4524 llic
474 4463 599 4550 notanda
622 4476 664 4520 ost
684 4464 829 4522 distinctio
854 4470 1003 4528 manifesta
1024 4472 1098 4528 inter
1116 4480 1254 4529 auctorem
1277 4471 1380 4528 horum
1406 4469 1552 4528 annalium
1573 4468 1621 4545 qui
1634 4468 1719 4524 verba
1758 4467 1778 4496 “
1793 4461 1908 4536 Iadailq

319 4562 439 4639 gaimid'
457 4562 519 4637 jam
545 4559 695 4636 antiquata
715 4560 838 4637 scripsit,
860 4575 890 4620 et
915 4584 1119 4624 amanuensem
1133 4566 1318 4642 Magriadaa‚
1340 4566 1387 4640 qui
1399 4565 1605 4623 recentioribus
1627 4561 1717 4619 verbis
1731 4559 1907 4633 Hibernicis,

314 4660 419 4736 'priora
431 4656 758 4739 interpretatur-vtae
767 4674 854 4734 supra
867 4671 947 4720 notas
960 4661 998 4719 ad
1011 4680 1099 4721 annos
1113 4667 1184 4736 453,
1198 4667 1268 4734 537,
1284 4667 1352 4735 570,
1370 4666 1439 4732 572,
1455 4658 1527 4732 602,
1540 4656 1610 4734 60³,
1620 4670 1650 4719 et
1661 4656 1815 4726 infra789.
