4446 6000
318 520 417 622 196
700 543 1141 616 annonanrouns
1182 542 1257 610 au
1296 544 1575 613 amorne

312 734 467 799 intrinseco
480 735 586 817 petitis,
605 732 800 794 demonstrare
816 738 947 791 conatur.
968 729 1041 788 Item
1052 746 1116 806 quae
1130 727 1166 786 de
1179 728 1263 787 lbaro
1276 728 1412 788 dicuntur
1425 729 1453 787 in
1467 730 1586 789 Litaniis
1600 728 1737 810 Aengsrsii
1762 735 1823 814 qni,
1832 740 1900 801 ιιι.

315 859 370 919 que
394 842 492 910 dubio,
520 838 632 898 Saeculo
645 838 719 896 VIII
744 838 852 907 floruit,
873 833 1089 905 ctabUsserio,
1115 833 1145 891 in
1166 832 1266 892 Indice
1292 832 1505 910 Chronologico
1527 836 1564 893 ad
1586 854 1694 895 annum
1715 843 1900 913 490,-“ln

314 950 334 980 “
356 943 538 1004 Hibernisad
551 941 769 1019 Begerineusem
784 940 860 998 lbani
877 937 1010 1017 Episcopi
1034 937 1173 1008 scholam,
1195 936 1344 996 literarum
1360 937 1528 1010 Sacrorum,
1542 939 1723 1018 aliarumque
1734 940 1899 1003 liberalium

313 1055 333 1086 “
354 1048 468 1108 Artium
479 1049 676 1106 discendarum
693 1045 786 1121 gratia
798 1062 902 1120 magna
914 1042 1080 1101 confluebat
1093 1040 1256 1100 auditorum
1272 1042 1459 1104 multitudo.”
1503 1045 1581 1105 Iberi
1599 1049 1710 1108 obitum
1722 1068 1811 1130 supra
1818 1051 1898 1112 seh.

314 1164 375 1214 tum
390 1151 508 1211 vidimus
520 1151 551 1209 in
561 1150 604 1209 his
617 1148 776 1208 Annalibus
790 1148 827 1206 ed
839 1165 946 1205 annum
961 1152 1030 1205 500.

825 1295 868 1335 DE
902 1293 1085 1335 acaunum
1124 1290 1387 1333 assumuntur.

354 1386 408 1445 His
431 1394 526 1445 nmen
553 1385 694 1457 omnibus,
718 1383 777 1443 buc
800 1399 889 1458 usque
912 1378 1086 1448 memoratis,
1116 1376 1261 1454 antiquior
1287 1385 1332 1434 est
1355 1375 1462 1435 Schola
1481 1379 1691 1444 Ardmacbana.
1745 1388 1793 1445 Ab
1817 1386 1898 1447 urbs

313 1492 438 1561 condita,
446 1510 536 1570 usque
547 1492 584 1549 ad
595 1490 668 1549 hanc
678 1487 822 1546 civitatem
830 1485 988 1553 fundatam,
1000 1480 1134 1558 inquiunt
1147 1480 1177 1538 hi
1189 1479 1324 1549 Annales,
1335 1481 1401 1540 anni
1418 1490 1506 1552 1194.
1526 1487 1628 1565 Atqui,
1640 1498 1758 1550 notante
1767 1490 1896 1563 Usserio,

314 1596 437 1656 aRoma
447 1596 532 1654 condi
550 1601 643 1672 caepta
659 1591 796 1670 usquead
810 1609 916 1650 annum
934 1605 996 1646 aerae
1010 1583 1238 1644 communisssb
1263 1584 1311 1642 cui
1334 1585 1544 1646 Ultoniensium
1558 1597 1618 1650 444
1642 1595 1807 1673 respondet,
1828 1596 1897 1656 anui

316 1708 404 1771 1194,
419 1719 524 1768 revera,
537 1700 625 1775 juxta
638 1697 750 1775 Polybii
764 1696 897 1766 rationes,
915 1693 1097 1758 effluxerunt,
1121 1706 1205 1766 quam
1225 1706 1366 1745 summam
1381 1709 1515 1750 numerus
1525 1711 1666 1756 annorum
1680 1717 1699 1756 a
1711 1698 1896 1760 Varronianis

322 1804 460 1862 Palilibus
473 1803 622 1873 deductus,
634 1801 754 1859 triennio
766 1806 877 1858 tautum
888 1815 1021 1873 superare
1034 1793 1187 1853 doctissimi
1201 1792 1252 1850 viri
1263 1792 1397 1851 fatentur.

352 1909 372 1938 ⁴‘
395 1903 522 1962 Stadium
546 1902 693 1979 aliquando
712 1902 741 1958 in
766 1898 890 1958 Ciuitate
908 1896 1065 1957 Ardraacba
1092 1896 1194 1954 rexisse
1216 1893 1303 1954 Gilda
1311 1898 1355 1952 ra”
1379 1899 1498 1959 tradunt
1511 1918 1569 1960 non
1588 1901 1681 1963 solum
1694 1904 1815 1977 Pitseus,
1839 1906 1898 1965 Bs-

318 2011 399 2081 laeus,
420 2019 449 2067 et
472 2008 670 2087 Harpsieldus,
693 2027 764 2086 quos
793 2026 851 2066 nou
872 2006 926 2065 nisi
953 2006 1110 2066 admodum
1132 2015 1218 2064 caute
1253 2005 1385 2082 legendos
1410 2026 1548 2081 memoro,
1570 2028 1670 2069 verum
1694 2023 1723 2069 et
1756 2010 1897 2085 Usserias,

316 2128 345 2173 et
369 2114 481 2173 Saeculo
495 2115 538 2172 XI
553 2112 710 2173 Caradocas
724 2113 965 2173 Lancarvauensis
979 2114 1008 2172 in
1022 2113 1091 2172 Vita
1101 2111 1196 2170 Gildae
1209 2111 1337 2183 senioris,
1351 2132 1453 2190 nempe
1462 2112 1600 2185 Albaniai,
1609 2131 1694 2191 quem
1708 2113 1808 2193 aliqui,
1822 2124 1898 2174 tem·

315 2238 419 2297 porum
427 2219 566 2278 rabonem
576 2220 745 2296 ignorantes,
759 2237 827 2276 cum
841 2217 982 2275 bedonico
995 2216 1125 2294 imperite
1139 2216 1328 2276 confundunt.
1344 2219 1392 2290 (1)
1423 2217 1521 2277 Codex
1537 2216 1719 2277 floriacensis
1732 2217 1809 2275 Vitae
1819 2217 1896 2295 ejus·

315 2323 390 2393 dem,
411 2342 428 2380 e
442 2341 499 2399 quo
512 2321 659 2399 Excerpta
670 2321 799 2398 quaedsm
822 2321 911 2380 edidit
924 2321 1066 2393 Usserius,
1094 2321 1211 2379 Gildam
1225 2320 1256 2379 in
1270 2320 1421 2392 Hibernia,
1443 2328 1474 2381 et
1494 2321 1688 2379 Hibernorum
1702 2318 1852 2391 industria,
1865 2320 1896 2379 iu

315 2426 483 2486 Divinarum
496 2427 655 2485 Literarum
670 2423 793 2483 Scientia
813 2425 920 2500 plenius
937 2444 1018 2501 quarn
1041 2425 1070 2481 in
1094 2424 1201 2496 Gallia,
1221 2424 1478 2504 institutamfaisse
1499 2425 1636 2486 declarat.
1653 2424 1787 2500 (2)-De
1809 2423 1897 2484 Clero

313 2531 479 2593 Britannico
494 2531 672 2600 Hiberniam,
688 2530 775 2606 ipsius
786 2529 816 2589 S.
827 2528 944 2588 Patricii
956 2528 1139 2605 temporibus,
1151 2547 1238 2586 causa
1251 2528 1411 2588 studiorum
1423 2530 1604 2600 adventante,
1619 2530 1678 2605 agit
1691 2530 1792 2589 Canon
1801 2539 1900 2591 vetus·

316 2637 437 2695 tissimus
458 2636 564 2713 Synodi
583 2635 634 2693 SS.
645 2633 777 2702 Patricii,
791 2631 908 2702 Aestii,
923 2644 955 2690 et
975 2631 1108 2702 Isernini,
1129 2633 1212 2708 cujus
1230 2635 1306 2691 Acta
1325 2633 1414 2692 edidit
1427 2652 1465 2691 ex
1479 2632 1592 2691 duobus
1605 2631 1729 2711 antiquis
1742 2632 1897 2693 Codicibus

317 2738 595 2814 cantabrigiensibus
610 2736 748 2815 Spelman,
764 2738 809 2810 (3)
826 2748 855 2796 et
866 2755 904 2794 ex
915 2736 1024 2795 Codice
1037 2736 1233 2812 Andegaveusi
1250 2736 1279 2797 J.
1290 2738 1425 2794 Wasasus.
1438 2739 1484 2812 (4)
1526 2740 1546 2770 “
1567 2736 1697 2796 Clericus
1711 2738 1759 2817 qui
1786 2738 1824 2798 de
1834 2740 1900 2798 Bri·

317 2847 338 2878 “
360 2846 452 2902 tenuis
466 2844 502 2900 ad
513 2863 563 2902 nos
574 2842 649 2900 venit
662 2841 721 2900 siue
735 2841 872 2917 Epistola,
883 2848 912 2898 et
925 2839 946 2898 si
957 2840 1067 2900 habitet
1080 2841 1109 2899 iu
1119 2839 1212 2917 plebe,
1227 2861 1284 2899 non
1294 2840 1405 2899 licitum
1419 2842 1610 2919 ministrare?
1651 2843 1697 2901 De
1721 2842 1777 2901 hoc
1790 2842 1898 2902 Codice

316 2950 524 3026 Andegavense
537 2948 593 3024 egit
607 2946 772 3004 Sirmondus
787 2946 836 3023 qui
849 2964 916 3002 eum
929 2945 1044 3002 Usserio
1059 2945 1291 3003 communicavit.
1333 2945 1470 3003 Meminit
1480 2945 1607 3021 ejusdem
1624 2946 1731 3023 Synodi
1745 2967 1783 3004 ex
1797 2948 1899 3007 eodem

317 3057 436 3124 Codice,
450 3066 480 3113 et
492 3074 528 3112 ex
542 3053 599 3111 alio
613 3052 790 3110 Floriacense
799 3049 888 3107 Labbe
898 3049 928 3108 in
943 3038 1122 3108 bibliotheca
1134 3049 1219 3108 MSS.
1236 3049 1378 3107 Codicum
1392 3048 1469 3105 edita
1479 3048 1592 3106 Parisiis
1605 3068 1681 3107 anuo
1698 3046 1786 3109 1653.
1807 3033 1898 3109 Aliud

316 3161 464 3237 exemplar
476 3160 671 3219 venerandum
686 3167 769 3216 extat
779 3157 809 3215 in
822 3154 1004 3226 Cottoniana,
1015 3156 1058 3230 (5)
1068 3163 1096 3211 et
1110 3163 1224 3212 sextum
1235 3154 1324 3212 edidit
1337 3153 1479 3214 Murteae.
1494 3149 1544 3229 (6)
1651 3210 1656 3223 ‚

358 3264 450 3322 Porro
464 3264 499 3321 de
513 3262 620 3323 Schola
630 3261 844 3331 Ardmachana,
864 3259 972 3336 paucis,
988 3266 1019 3317 ct
1032 3257 1124 3314 obiter
1136 3266 1254 3333 egerunt
1271 3257 1485 3334 Neubrigensis,
1507 3257 1654 3333 Giraldus,
1673 3262 1717 3335 (7)
1741 3260 1898 3333 locelinus,

317 3366 347 3424 S.
358 3365 529 3433 bernardus,
542 3373 572 3422 et
580 3362 746 3440 Tigemach.
762 3365 874 3422 Auctor
887 3363 985 3438 Operis
994 3362 1158 3440 Tripartiti,
1173 3364 1257 3439 cujus
1268 3363 1491 3422 vetustissimum
1504 3365 1652 3442 exemplar
1659 3362 1753 3423 Sirino
1766 3384 1898 3425 commu·

318 3467 424 3526 aicavit
436 3466 589 3544 Stephanus
605 3466 695 3537 Vitas,
709 3467 802 3544 inquit
812 3471 831 3501 “
847 3467 881 3525 In
894 3467 1023 3545 ipsajam
1038 3466 1163 3538 civitate,
1174 3466 1286 3526 scilicet
1300 3466 1476 3537 Ardmacha,
1491 3486 1636 3526 summum
1646 3467 1772 3525 studium
1785 3467 1896 3527 literale

317 3578 338 3608 “
358 3571 601 3649 manetsemper.”
614 3573 660 3643 (8)
700 3571 814 3630 Illustre
841 3571 1032 3631 testimonium
1047 3572 1183 3631 exhibent
1195 3571 1225 3629 hi
1244 3572 1380 3643 Annales,
1395 3592 1433 3631 ex
1447 3572 1604 3650 quibus,ad
1617 3591 1684 3632 ann.
1702 3575 1773 3643 789,
1803 3579 1834 3630 et
1857 3591 1898 3631 ex

318 3690 387 3739 nota
400 3680 492 3737 eidem
503 3695 579 3736 anno
591 3675 730 3753 apposita,
745 3675 830 3753 plane
844 3686 966 3747 constat,
984 3678 1116 3755 antiquos
1130 3676 1276 3736 Hiberniae
1291 3677 1392 3752 Reges,
1413 3677 1620 3737 consuetudine
1639 3686 1761 3750 vetusta,
1785 3696 1823 3736 ex
1835 3676 1898 3754 ipsa

318 3793 459 3843 vetustate
477 3784 532 3840 vim
547 3782 627 3859 Legis
636 3780 790 3851 obtinente,
804 3782 993 3841 Academiam
1009 3784 1223 3843 Ardmachnam
1241 3802 1337 3843 annuo
1352 3780 1495 3857 stipendio
1507 3781 1679 3859 patrocinari
1693 3792 1721 3840 et
1733 3781 1810 3840 alere
1828 3798 1899 3840 cou-

319 3889 487 3958 suevisse,et
500 3885 827 3956 Rodericum,ultimum
836 3887 982 3945 Hiberniae
993 3888 1098 3965 Regem
1109 3887 1257 3947 Hibernici
1269 3887 1390 3965 generis,
1404 3887 1578 3965 stipendium
1588 3888 1719 3966 Supremi
1733 3886 1899 3947 Professoris

318 3997 338 4026 “
359 4011 456 4050 annua
468 3989 602 4069 pensione
614 3990 736 4061 auscisse,
748 4008 872 4067 suosque
884 4010 1072 4064 successores,
1085 3992 1154 4051 dato
1176 3993 1352 4071 Diplomate,
1376 3992 1413 4049 ad
1433 3993 1555 4051 eandem
1567 3995 1733 4070 pensionem
1746 3992 1897 4073 quotannis

320 4099 341 4129 ⁴‘
361 4096 578 4168 solvendam,ea
590 4096 744 4155 conditione
756 4096 983 4169 obstrinxissent
995 4097 1256 4175 studiemgeacrale
1272 4118 1327 4176 pro
1340 4096 1516 4157 Scirtaribus
1539 4107 1596 4157 tara
1617 4118 1650 4158 ee
1668 4098 1796 4167 Albania,
1811 4112 1895 4173 W

320 4203 340 4232 ⁴·
362 4216 394 4253 ea
416 4198 553 4257 Hibernia
576 4201 784 4261 adventantibus
806 4201 970 4261 Ardmacboe
995 4203 1230 4264 continuaretur.”
1252 4203 1409 4278 l9)-Cum
1433 4204 1486 4276 his,
1500 4224 1566 4281 quae
1583 4207 1614 4263 in
1633 4202 1752 4263 dubium
1768 4198 1895 4259 resecari

321 4498 355 4548 11)
373 4495 480 4546 Caradoc
490 4491 547 4542 Vita
559 4490 639 4541 Gildo
649 4508 671 4542 c.
679 4497 704 4542 9.
800 4501 835 4550 lt)
852 4498 972 4565 Excerpta
983 4502 1049 4551 edita
1059 4503 1090 4551 ab
1101 4503 1198 4553 Usseria
1210 4502 1329 4552 Primord.
1340 4518 1396 4568 pag.
1408 4506 1466 4553 907.

320 4582 354 4634 13)
371 4573 707 4641 spelmanConeil.t.1,p.3.
803 4580 837 4627 (4)
857 4579 941 4629 Waraet
952 4584 1067 4644 opuscula
1077 4583 1117 4633 ed.
1128 4584 1206 4634 Laod
1219 4588 1292 4638 1656.
1303 4600 1327 4648 p.
1337 4589 1379 4634 46.
1413 4586 1475 4634 Item
1486 4581 1615 4633 D’Aelserii
1624 4574 1738 4642 Spicileg.
1750 4582 1769 4624 t.
1777 4578 1803 4627 9.

320 4662 355 4712 (51
372 4657 614 4708 biblioth-Hibemieo
625 4657 717 4704 Cotton
748 4655 824 4706 suar.
839 4657 872 4706 D.
884 4660 926 4709 vii.
939 4661 992 4710 MS.
1004 4663 1030 4710 in
1039 4663 1168 4713 stonense.
1202 4668 1236 4729 (6)
1255 4664 1364 4713 Murteae
1373 4664 1489 4715 Theanus.
1498 4660 1619 4713 Auecdot.
1630 4667 1649 4706 t.
1660 4662 1685 4715 ’1,
1704 4672 1730 4722 Ρ·
1741 4661 1767 4707 2·

322 4742 355 4788 ut
373 4740 517 4806 Neubrr'gens
526 4738 559 4786 de
568 4735 633 4787 Reb.
645 4736 718 4803 hugi.
731 4738 748 4786 l.
757 4740 782 4795 S,
792 4754 814 4787 c.
826 4741 851 4787 9.
917 4740 1003 4790 Girald
1010 4743 1114 4807 Topogr.
1123 4744 1186 4793 Dist.
1198 4747 1222 4792 3.
1235 4761 1257 4792 c.
1270 4749 1309 4801 16,
1318 4746 1382 4807 apud
1395 4746 1476 4795 Usser.
1490 4744 1522 4793 ib.
1534 4759 1560 4807 p.
1571 4742 1628 4792 859.

321 4820 356 4871 18)
373 4818 492 4885 Eacerpta
501 4820 566 4883 apud
575 4819 657 4868 Usser.
668 4820 701 4870 ib.
713 4829 739 4870 et
747 4818 983 4870 SiriniColleotaues
993 4821 1065 4871 Sacra
1076 4838 1101 4884 p.
1111 4828 1168 4878 214,
1179 4840 1203 4872 n.
1218 4829 1257 4874 18.
1303 4823 1393 4873 Confer
1405 4825 1508 4874 Probum
1519 4824 1537 4873 l.
1549 4828 1574 4880 2,
1586 4839 1610 4873 c.
1620 4824 1647 4871 t.

321 4897 356 4944 19)
372 4897 436 4948 Vide
445 4912 525 4951 notam
536 4903 568 4952 ad
577 4917 634 4951 aun.
644 4906 693 4954 789
704 4918 776 4968 supra
786 4919 812 4968 p.
822 4907 877 4960 111,
888 4907 914 4951 et
925 4901 961 4952 IV
970 4902 1110 4968 Magistros.
1120 4901 1227 4955 males
1237 4903 1341 4955 Hibem.
1351 4903 1377 4954 in
1387 4903 1504 4955 Biblioth.
1514 4902 1638 4955 Stosrsm
1647 4900 1680 4953 sd
1690 4914 1747 4953 auu.
1759 4901 1832 4951 1162·
