4478 6008
385 540 483 635 190
834 553 1095 628 Anninus
1123 555 1528 625 urrourausns.

379 767 469 816 mor.
487 749 552 818 est.
600 738 792 815 Belliolum
801 739 898 813 inter
914 763 1033 837 genus
1049 737 1247 834 Loighaire
1263 748 1286 817 7
1304 761 1422 834 genus
1440 736 1643 833 Ardggail,
1666 737 1705 811 in
1724 763 1800 837 quo
1818 747 1959 824 cecidit

378 864 631 964 Fianglzalach
654 887 731 936 nme
760 862 991 959 Dunlainge‚
1013 859 1170 935 Connall
1185 884 1239 933 mc
1253 859 1375 948 Neill,
1404 856 1684 954 rconghalacn
1706 886 1762 936 mc
1779 867 1958 967 Aenguaa

380 990 539 1065 victores
553 997 666 1075 erant,
702 983 826 1058 Causa
851 982 1120 1058 interfectionis
1148 981 1270 1055 fratris
1287 982 1344 1054 sui
1366 984 1402 1054 ·i·
1419 980 1553 1056 Faelbi.
1608 982 1749 1058 Positio
1766 989 1945 1088 reliquiar.

381 1112 534 1189 Conlaid
547 1111 586 1183 hi
601 1109 700 1182 scrin
716 1109 773 1181 air
789 1118 813 1188 7
830 1109 945 1204 airgit
962 1107 1015 1202 [in
1033 1105 1170 1180 scrinio
1188 1104 1267 1177 auri
1285 1119 1323 1178 et
1341 1106 1512 1203 argenti]
1543 1103 1604 1202 (l)
1646 1107 1745 1184 Cata
1761 1118 1948 1191 corcraidk

379 1249 427 1310 el.
453 1257 503 1306 na
532 1233 700 1306 lairteru
738 1229 924 1331 [praelium
947 1240 1145 1302 cruentum
1179 1227 1275 1299 inter
1304 1224 1517 1320 orientales]
1551 1229 1721 1323 invicem,
1759 1235 1798 1309 in
1833 1239 1949 1338 Maig
1980 1283 1982 1288 ·

383 1357 548 1456 [campo]
569 1356 741 1450 linguan,
779 1352 844 1426 ubi
873 1350 1090 1426 ceciderunt
1107 1349 1217 1423 Μαεὶ
1230 1348 1453 1425 Ocltaraa'clr
1484 1351 1556 1425 nb.
1574 1353 1707 1446 Deire,
1742 1370 1766 1440 7
1791 1358 1954 1439 Conmae·

378 1504 457 1555 mac
472 1478 696 1574 Cernaigh„

379 1603 448 1682 flu.
476 1598 583 1676 illm.
636 1595 774 1671 Positio
800 1595 1034 1691 reliquiarum
1059 1595 1213 1671 Ronaen
1241 1594 1309 1667 filii
1326 1594 1463 1669 Bericlr
1490 1594 1530 1667 iu
1554 1620 1638 1669 arca
1655 1598 1734 1672 auri
1752 1610 1777 1680 7
1793 1607 1952 1700 argenti.

379 1725 576 1802 Peidlemid
605 1722 640 1794 Ιι.
653 1721 808 1817 Lugdoa
824 1718 895 1791 Ab.
912 1719 1030 1792 Cluen
1045 1717 1191 1791 Dolcan
1218 1719 1384 1791 moritur.
1440 1718 1513 1793 Bel.
1533 1719 1630 1794 inter
1648 1722 1741 1797 Ultu
1768 1737 1955 1825 7nepotes

380 1848 554 1926 Ecdlrach
571 1844 692 1920 Cabiro
710 1844 749 1916 in
766 1868 840 1938 quo
856 1841 994 1915 cecidit
1012 1840 1121 1915 Ecba
1135 1865 1213 1915 mac
1231 1843 1266 1914 A
1271 1843 1362 1916 ililla
1379 1867 1444 1917 rex
1463 1841 1592 1932 Collo,
1611 1855 1635 1924 7
1654 1847 1790 1921 cecidit
1808 1849 1952 1925 Cairell

379 1993 458 2047 mac
493 1968 643 2043 Catlail
675 1990 722 2039 ex
756 1977 858 2063 parte
880 1963 1032 2037 adversa
1062 1962 1160 2055 belli,
1196 1975 1221 2045 7
1250 1965 1436 2040 exercitus
1466 1965 1544 2064 ejus
1574 1967 1696 2042 victor
1721 1969 1802 2044 fuit.
1855 1976 1952 2049 Bre-

380 2096 439 2171 aal
469 2116 548 2165 mac
579 2089 725 2185 Regeni
758 2087 828 2160 Ab.
854 2086 928 2162 Jae
959 2111 1058 2159 anno
1090 2087 1325 2185 Principatus
1357 2089 1413 2162 sui
1446 2091 1553 2163 xxxi.
1570 2091 1646 2165 dor.
1700 2093 1859 2169 Ruanua
1875 2097 1947 2172 Ab.

381 2213 593 2309 Dominaig
610 2210 792 2285 Sechnaill
811 2233 900 2281 mor.
931 2205 1058 2306 Befail
1081 2210 1158 2283 filia
1184 2209 1335 2285 Cathail
1359 2211 1505 2311 Regina
1522 2214 1721 2291 Donnclrae
1736 2221 1952 2296 moritur.-

380 2339 516 2414 Bresal
530 2358 609 2409 mac
624 2333 838 2430 Gormgaile
855 2333 902 2405 de
920 2355 1054 2430 genere
1067 2332 1229 2430 Logaire
1246 2359 1268 2407 a
1295 2333 1467 2409 fratribus
1483 2336 1559 2410 suis
1577 2337 1703 2412 dolose
1720 2341 1865 2419 occisus
1881 2357 1947 2420 est.

381 2459 642 2538 Catlrannacl
658 2481 736 2532 mac
754 2456 906 2535 cathan
918 2454 1183 2555 Moenmnigln}
1220 2468 1243 2539 7
1261 2458 1409 2534 Nindid
1422 2460 1602 2535 Ancorita
1617 2478 1786 2561 pausant.
1844 2466 1956 2544 Estas

379 2583 563 2684 pluvialis.

383 2911 433 2984 (1)
456 2910 524 2967 Duo
538 2920 610 2968 artes
624 2910 797 2968 mechanica
808 2909 929 2987 antiquis
950 2909 1083 2967 Hibernis
1095 2909 1200 2985 injuste
1213 2928 1232 2967 a
1245 2910 1413 2986 quibusdam
1426 2911 1628 2970 recentioribus
1642 2913 1824 2991 denegantur.
1864 2915 1951 2973 Ame-

370 3004 465 3083 sahri,
480 3013 509 3062 et
522 3003 674 3082 Lapieidae5
689 3014 718 3063 at
732 3007 778 3062 vix
794 3005 863 3063 alios
877 3023 1003 3081 unquam
1012 3005 1123 3062 Calices
1133 3024 1219 3082 quam
1233 3025 1338 3074 aureos,
1353 3019 1383 3062 ct
1394 3014 1537 3081 argenteos
1550 3007 1586 3062 ad
1599 3024 1688 3078 sacra,
1699 3009 1747 3064 vix
1760 3009 1831 3066 alias
1844 3008 1950 3080 thecas,

382 3109 434 3158 aut
453 3099 558 3158 scrinia
571 3121 622 3176 pro
637 3100 759 3176 reliquiis
783 3100 933 3158 illustrium
946 3101 1069 3157 virorum
1084 3100 1211 3157 adhibita
1225 3100 1318 3168 luisse,
1333 3100 1503 3157 documento
1516 3112 1591 3167 suut,
1611 3117 1674 3175 quaa
1696 3100 1753 3172 hic,
1774 3101 1854 3161 etad
1876 3122 1951 3166 anu..

383 3200 455 3266 800,
472 3203 502 3255 et
520 3194 552 3253 iu
560 3195 789 3255 Aunotalianibas
802 3196 982 3272 sequentibus
995 3196 1032 3256 ad
1043 3195 1114 3254 Saec.
1126 3194 1199 3252 Vlll
1212 3195 1331 3253 breviter
1344 3193 1469 3254 delibata
1481 3194 1626 3272 leguntur.
2001 3190 2005 3197 ’
