4446 6000
668 572 1104 639 annonnrronns
1147 572 1220 634 nn
1260 573 1380 636 sno.
1402 573 1533 636 v111.
1785 539 1881 638 145

231 818 233 824 ,
316 759 336 794 ‘⁸
357 757 452 832 Solis].
494 758 603 816 Eodem
624 776 710 827 anno,
733 767 839 833 strages
864 756 986 812 filiarum
1001 754 1030 810 in
1053 753 1128 810 valle
1152 752 1273 811 mirabili
1293 773 1384 830 prope
1397 755 1570 824 Temoriam‚
1591 772 1610 810 a
1636 754 1800 831 Dnnlangin
1826 754 1884 811 filio

312 866 336 896 ¹⁴
357 863 455 919 Ennaei
471 863 566 919 Niadh
579 881 643 937 rege
654 863 793 937 Lageniae,
818 861 838 918 i.
849 879 874 918 e.
887 879 960 916 xxx
978 860 1042 916 filiae
1056 859 1160 934 Regiae,
1188 870 1217 917 et
1231 870 1347 916 centum
1360 860 1461 935 puellae
1479 877 1541 935 quae
1554 856 1765 915 famulabantur
1778 859 1883 934 cuique

312 969 335 998 *⁶
356 984 466 1024 earum.
506 966 634 1040 Triginta
646 984 731 1040 supra
745 981 802 1021 ccc
817 974 897 1020 erant
910 964 980 1032 istae,
994 981 1052 1038 qua
1066 964 1101 1019 do
1116 980 1204 1019 causa
1220 962 1377 1020 Cormacus
1393 963 1533 1020 interfecit
1546 961 1586 1018 xii
1600 979 1616 1017 e
1638 961 1781 1018 Primariis
1794 961 1883 1036 Lage-

314 1072 334 1102 “
359 1067 423 1138 niae,
450 1070 591 1144 sigillatim
607 1088 694 1125 unum
709 1076 772 1145 post
785 1069 917 1135 alterum,
931 1077 960 1123 et
974 1065 1112 1122 mulctam
1128 1064 1254 1121 boariam
1271 1065 1448 1141 [quindecies
1462 1066 1539 1121 mille
1553 1063 1651 1138 bourn]
1664 1077 1800 1139 praterea
1813 1067 1885 1122 irro-

311 1177 332 1206 “
351 1175 438 1250 gavit.
480 1178 564 1231 Anno
576 1181 721 1247 sequente,
732 1169 870 1228 Kalendis
887 1167 1028 1227 Januariis
1048 1168 1078 1224 in
1091 1167 1191 1224 feriam
1203 1174 1221 1225 3
1233 1169 1435 1239 incidentibus,
1450 1168 1605 1226 Cormacus
1618 1186 1635 1225 e
1647 1185 1735 1243 regno
1748 1169 1884 1244 expulsus

312 1281 332 1310 “
353 1288 397 1336 est
409 1279 447 1334 ab
458 1275 808 1334 Ultoniensibus.-Anno
822 1291 879 1348 quo
896 1272 1034 1329 Kalendae
1047 1271 1112 1329 Jan.
1128 1271 1158 1328 in
1175 1271 1273 1329 seriam
1285 1280 1304 1330 4
1315 1273 1485 1342 inciderunt,
1511 1271 1591 1330 annis
1602 1269 1827 1349 precedentibus
1840 1271 1883 1327 in·

314 1383 335 1413 ‘⁸
356 1379 527 1457 cipiantibus
540 1399 558 1435 a
571 1379 637 1435 Kal.
648 1377 714 1435 Jan.
725 1376 777 1433 fer.
787 1382 816 1445 3,
831 1383 860 1444 2,
872 1379 902 1445 7,
914 1388 944 1433 et
952 1373 982 1446 6,
996 1389 1147 1453 postquam
1161 1377 1199 1432 vii
1222 1378 1364 1433 mensibus
1377 1377 1508 1434 exularet
1525 1375 1648 1433 Cormac
1662 1372 1791 1440 O'Conn,
1807 1372 1883 1429 Proe·

313 1486 333 1516 ⁴‘
354 1481 424 1538 lium
439 1478 544 1535 Criurta
557 1488 665 1554 gestum
679 1478 760 1535 estin
771 1463 880 1553 Bregia,
891 1498 910 1535 a
921 1479 1073 1550 Cormaco,
1085 1491 1114 1537 et
1127 1480 1244 1537 Thadeo
1253 1481 1312 1537 filio
1322 1480 1432 1548 Cennii,
1444 1479 1493 1536 filii
1508 1478 1588 1536 Alilli
1601 1478 1699 1546 Olarn,
1716 1474 1884 1552 stipantibus

315 1589 336 1620 “
356 1605 418 1643 xxx
436 1584 571 1662 Dynastis
585 1591 616 1641 et
631 1583 791 1665 nducibus,
813 1591 842 1638 et
863 1583 992 1640 exercitu
1015 1583 1213 1641 innumerabili
1227 1584 1363 1652 similiter,
1386 1595 1416 1639 et
1429 1582 1555 1658 Lugadio
1569 1582 1675 1658 Laglia,
1698 1581 1755 1637 filio
1769 1576 1884 1652 Moghae

314 1693 335 1722 “
357 1688 504 1757 Nuadhat,
529 1694 629 1743 contra
644 1683 836 1753 Ultonienses,
849 1683 878 1739 in
893 1703 951 1759 quo
965 1683 1063 1759 praelio
1079 1685 1164 1740 occisi
1176 1697 1242 1742 sunt
1263 1697 1319 1742 tres
1343 1685 1477 1761 Ferguaii,
1497 1687 1602 1761 Fergus
1615 1686 1762 1752 Comatus,
1782 1683 1884 1758 Fergus

314 1796 335 1825 ⁴⁶
356 1791 482 1848 dentium
495 1792 683 1855 aduncorum,
705 1798 735 1844 et
750 1786 858 1861 Pergus
870 1785 1037 1862 dentiniger,
1055 1787 1142 1844 occisi
1164 1807 1183 1844 a
1200 1788 1261 1844 solo
1275 1788 1402 1864 Lugadio
1416 1789 1502 1863 Lnga,
1517 1789 1565 1864 qni
1590 1788 1644 1844 tria
1667 1807 1766 1845 eorum
1790 1786 1885 1861 capita

315 1898 335 1928 ‘⁴
356 1905 503 1970 amputata
516 1892 612 1950 retulit
632 1893 700 1967 Regi
714 1891 856 1948 Cormaco
876 1891 904 1946 in
914 1890 1004 1958 Eiric,
1026 1889 1058 1965 [i.
1069 1909 1094 1948 e.
1109 1889 1258 1964 mulctam]
1276 1909 1328 1967 pro
1345 1891 1430 1948 Patre
1450 1911 1501 1948 sun
1526 1893 1603 1968 Rege
1623 1895 1687 1960 Art,
1711 1889 1769 1946 lilio
1781 1889 1883 1960 Conni,

314 2002 335 2031 ⁴‘
356 2016 441 2073 quem
455 1992 561 2054 occidit
571 1997 600 2052 in
622 1995 719 2072 praelio
742 1993 843 2070 Campi
856 1993 997 2049 Murram.
1038 1992 1172 2050 Thadeus
1192 2012 1227 2049 eo
1248 1992 1304 2064 dio,
1327 2009 1437 2069 septem
1457 1993 1560 2070 praeliis
1573 1992 1703 2051 inimicos
1719 1990 1885 2067 profligavit,

315 2105 335 2134 “
355 2111 418 2177 post
432 2120 495 2176 quae
515 2099 622 2175 prrelia,
642 2099 757 2175 accepit
770 2098 800 2154 in
814 2098 973 2155 mercedem
988 2115 1006 2153 a
1021 2095 1107 2172 Rege,
1121 2099 1244 2172 spatium
1256 2098 1376 2155 terrain
1391 2098 1505 2174 Bregia,
1521 2107 1671 2174 quantum,
1686 2114 1770 2153 carru
1784 2104 1884 2163 tectus,

314 2207 334 2236 “
355 2221 374 2259 a
388 2216 517 2279 ternpore
532 2223 588 2279 quo
602 2203 721 2260 victoria
733 2213 815 2277 parta
827 2210 880 2269 est,
904 2221 994 2278 usque
1016 2202 1052 2258 ad
1067 2213 1190 2270 noctem,
1206 2211 1302 2278 posset
1322 2200 1453 2258 circuire.
1474 2202 1603 2259 Perrexit
1626 2200 1753 2277 piotinus
1775 2201 1885 2258 circum

312 2310 334 2340 “
355 2307 548 2365 Tricenariam
561 2317 672 2382 partem
682 2304 857 2373 Cianachtae,
877 2325 895 2361 a
908 2305 1060 2361 Glassnera
1070 2305 1205 2380 usquead
1220 2306 1308 2363 colles
1321 2305 1495 2382 propinquos
1508 2306 1632 2363 fontibus
1642 2306 1732 2363 amnis
1744 2305 1835 2364 nffir’

356 2415 376 2444 ‘⁴
397 2415 482 2467 Anno
497 2429 553 2485 quo
568 2408 707 2466 Kalendae
727 2408 854 2466 Januarii
869 2410 1031 2466 inciderunt
1051 2409 1081 2465 in
1102 2408 1199 2466 seriam
1212 2416 1241 2480 3,
1257 2410 1360 2468 Gallus
1371 2409 1558 2479 Hostilianus,
1576 2428 1642 2467 cum
1655 2410 1714 2467 filio
1728 2429 1779 2468 suo
1793 2412 1884 2468 Volu-

315 2517 335 2547 “
356 2513 445 2592 siano,
468 2515 505 2570 ab
532 2512 673 2569 Emiliano
699 2511 785 2569 occisi
806 2519 880 2569 sunt.
923 2512 1031 2571 Eodem
1049 2531 1124 2570 anno
1136 2513 1266 2589 expulsio
1278 2533 1315 2570 ex
1330 2514 1468 2571 Hibernia
1481 2513 1510 2570 in
1524 2512 1668 2571 Martiam
1689 2531 1741 2591 per
1762 2514 1884 2573 Cormac

314 2619 336 2649 “
357 2615 466 2675 O'Con.
509 2616 585 2674 Hinc
606 2615 764 2692 appellatus
786 2625 828 2672 est
842 2615 964 2673 Corntac
991 2614 1126 2692 Uffndla,
1154 2618 1220 2693 quia
1232 2617 1357 2693 expulsit
1372 2616 1549 2674 Ultonienses
1572 2635 1591 2672 a
1603 2615 1673 2693 sod,
1696 2616 1883 2675 imminua.

313 2723 334 2752 ‘⁴
356 2720 442 2776 Anno
453 2729 599 2794 sequente,
614 2719 680 2775 Kal.
689 2718 754 2775 Jan.
765 2717 806 2774 ser
816 2719 854 2777 iv.
876 2720 943 2776 Duo
953 2720 1142 2794 imperatores
1155 2719 1242 2777 creati
1252 2720 1346 2789 simul,
1357 2740 1432 2778 anno
1445 2722 1543 2778 mundi
1558 2721 1617 2777 llll
1627 2720 1676 2779 CC
1685 2721 1741 2780 XX
1752 2721 1809 2780 Il.’'
1822 2724 1866 2794 (1)

351 2821 429 2878 Cum
443 2821 540 2896 itaque
554 2840 590 2877 ex
605 2829 648 2876 tot
661 2819 911 2877 vetustissimorum
927 2821 1102 2890 testimoniis,
1117 2831 1147 2878 et
1160 2841 1197 2878 ex
1210 2822 1270 2898 ipsa
1285 2823 1411 2881 Manniae
1425 2823 1530 2899 lingua,
1549 2823 1697 2882 manifeste
1707 2834 1817 2901 pateat,
1835 2824 1883 2881 ln-

313 2925 393 2984 colas
413 2923 549 2999 originem
569 2942 606 2979 ex
630 2923 769 2979 Hibernia
787 2922 915 2992 traxisse,
937 2924 1064 2998 sequitur
1079 2924 1205 2998 proiecto
1220 2925 1335 2981 nomina
1348 2926 1476 2983 locorum
1491 2936 1612 2996 vetusta,
1627 2927 1768 2995 Menenia,
1784 2927 1883 2992 lllnnn,

314 3025 417 3094 Maon,
428 3027 483 3083 bac.
497 3044 617 3100 quorum
642 3026 721 3101 origo
739 3027 861 3082 obscura
879 3038 932 3093 est,
960 3027 1064 3084 debere
1078 3027 1174 3102 lingua
1189 3027 1354 3097 lliberuica,
1369 3039 1400 3085 et
1420 3028 1533 3084 nomine
1549 3028 1705 3085 Hibernico
1717 3029 1882 3103 'ligernachi

314 3131 439 3200 Man-in,
451 3149 502 3189 seu
523 3149 610 3205 parva
623 3129 725 3198 insula,
748 3147 833 3204 parva
858 3147 958 3204 nempe
977 3139 1104 3204 respectu
1127 3131 1163 3186 ad
1178 3131 1355 3188 Britanniam
1368 3142 1398 3189 et
1412 3132 1590 3204 Hiberniam,
1614 3134 1762 3210 explicari,
1781 3136 1882 3195 endem

313 3235 400 3293 modo
411 3253 468 3310 quo
482 3233 567 3289 dir-in
588 3243 631 3290 est
645 3232 840 3290 Occidentalis
853 3230 951 3289 lnsula
971 3233 1120 3302 Hibernia,
1133 3244 1163 3290 et
1180 3235 1295 3291 Alba-in
1308 3234 1463 3292 Orientalis
1475 3235 1571 3293 lnsula
1585 3237 1742 3304 Britannia,
1762 3239 1799 3294 ab
1811 3238 1884 3294 Atta

315 3341 367 3398 lux
382 3342 531 3408 matutina,
548 3339 662 3407 Oriens,
686 3340 809 3405 Aurora,
830 3348 860 3393 et
880 3335 916 3392 In
931 3336 1035 3393 lnsula.
1050 3338 1229 3414 (2)-llegio
1243 3339 1318 3396 inter
1331 3338 1465 3416 Caspium
1480 3351 1510 3398 et
1522 3341 1666 3398 Euxinum
1678 3340 1766 3398 divisa
1779 3351 1842 3400 erat
1855 3340 1884 3398 in

314 3443 434 3501 Iber-inm
457 3455 486 3502 et
500 3443 655 3512 Albaniam,
675 3443 729 3499 i.e.
744 3440 963 3511 occidentalem,
987 3452 1017 3498 et
1040 3443 1216 3501 orientalem.
1258 3443 1398 3520 Hispania
1416 3443 1481 3501 ideo
1504 3441 1598 3500 Iberia
1617 3455 1720 3502 vocata
1733 3444 1794 3513 luit,
1819 3444 1886 3519 quia

314 3547 509 3605 occidentalis.
552 3545 627 3602 Hinc
641 3545 726 3602 etiam
744 3563 847 3602 nornen
862 3546 1019 3604 Arabicum
1030 3546 1194 3617 Andnlurio,
1208 3549 1285 3624 quod
1297 3547 1506 3607 occidentalem
1519 3546 1718 3624 signifieat—‘⁴
1729 3548 1790 3606 'lire
1802 3568 1886 3607 name

316 3654 335 3684 “
357 3651 390 3708 ol
407 3652 564 3708 Andalusia
575 3653 597 3708 is
613 3650 725 3726 applied
742 3652 779 3725 by
794 3649 843 3707 the
858 3653 951 3708 Arabs
961 3643 991 3707 lo
1006 3650 1055 3710 the
1067 3651 1158 3710 whole
1181 3653 1334 3710 Peninsula
1346 3652 1379 3709 of
1390 3652 1541 3727 Spain-it
1553 3652 1671 3728 signifies
1685 3652 1733 3710 tlte
1746 3655 1843 3729 region
1856 3651 1890 3709 oi

315 3757 336 3786 “
358 3753 405 3810 the
420 3754 554 3828 Evening‚
570 3752 654 3808 ostie
675 3751 839 3817 wesema
857 3753 944 3821 word,
967 3755 1015 3810 the
1035 3755 1175 3830 Hesperio
1186 3755 1218 3812 of
1229 3756 1276 3813 the
1290 3756 1484 3827 Greeks.”(3)
1524 3755 1673 3830 Quidquid
1695 3755 1730 3810 de
1752 3755 1794 3811 bis
1817 3773 1885 3810 con·

312 3854 432 3929 jacturis
444 3856 591 3924 sentiatur,
617 3854 722 3919 Iberos,
745 3864 775 3910 et
798 3852 959 3920 Celtiberos,
978 3875 1048 3932 quos
1070 3858 1255 3916 nobilissimos
1278 3859 1423 3934 Hispaniae
1444 3858 1564 3934 populos
1583 3855 1709 3932 appellat
1732 3855 1885 3922 Diodorus,

315 3956 345 4015 in
360 3956 526 4013 Hiberniam
539 3937 694 4033 pervenisse
707 3958 822 4014 tradunt
835 3959 958 4032 Orosius,
975 3960 1111 4033 Isidem,
1134 3960 1269 4032 Notitiae,
1283 3973 1312 4020 et
1335 3962 1394 4031 alii,
1415 3980 1485 4037 quoa
1505 3960 1572 4018 alibi
1596 3958 1752 4018 numeravi.
1771 3961 1814 4033 (4)

368 4061 444 4118 Hinc
467 4061 580 4117 nomina
606 4061 747 4137 accepisse
773 4064 904 4121 videntur
931 4065 1050 4123 flumina
1074 4065 1170 4123 Iberus
1192 4065 1220 4122 in
1244 4065 1390 4140 Hispania,
1429 4072 1458 4120 et
1486 4063 1583 4120 Iberus
1610 4062 1710 4127 fluvius
1731 4083 1748 4128 a
1770 4065 1884 4143 regione

317 4167 348 4225 in
376 4167 522 4223 Hibernia.
531 4167 573 4237 (5)
606 4165 707 4240 Populi
728 4165 814 4234 Iberi,
838 4178 869 4224 et
888 4164 1007 4238 treberi,
1029 4166 1206 4236 concertet
1226 4165 1342 4235 Laconi,
1366 4167 1394 4223 in
1410 4165 1537 4224 Australi
1553 4166 1694 4235 Hibernia
1706 4179 1843 4235 notantur
1865 4192 1884 4236 a

324 4336 1875 4372 -ssst———m

331 4462 376 4527 (1)
391 4463 519 4524 Videorne
530 4462 561 4509 de
574 4460 649 4509 Annis
661 4461 758 4517 Mundi,
775 4463 841 4511 etde
854 4462 973 4511 Feriarum
981 4463 1064 4511 ordine
1076 4479 1105 4512 cx
1115 4464 1264 4527 Tigernacbo
1274 4464 1340 4512 diota
1350 4473 1405 4514 sunt
1416 4466 1440 4514 in
1453 4465 1550 4514 Dirum.
1564 4467 1665 4517 Protin.

330 4542 378 4607 (2)
395 4540 489 4591 Aristot.
500 4543 536 4590 De
547 4542 636 4590 Mando
645 4542 704 4588 edit.
712 4541 846 4589 Casanbon.
859 4543 969 4607 Lugdun.
984 4546 1055 4599 1590,
1066 4553 1083 4591 t.
1097 4549 1118 4598 l,
1130 4560 1154 4607 p.
1161 4546 1207 4592 art
1212 4579 1219 4602 ,
1246 4545 1350 4593 Bocbnrt
1358 4552 1384 4594 et
1395 4545 1489 4594 Psaltcr
1497 4563 1526 4594 na
1538 4546 1610 4594 llann
1622 4547 1683 4596 Cod.
1696 4548 1750 4596 MS.
1760 4548 1831 4596 Bodl.

330 4621 377 4686 (8)
393 4622 481 4670 Gibbnn
493 4621 596 4668 Decline
605 4622 653 4669 and
665 4619 726 4671 rut.
743 4622 789 4669 bro.
798 4626 846 4669 4tn.
861 4624 1105 4686 v01.5‚p.3ot,nor.
1119 4627 1172 4678 166,-
1186 4640 1214 4672 er
1227 4624 1342 4674 Biblioth.
1354 4626 1554 4690 drab-Hispan.
1567 4634 1624 4674 tom.
1634 4632 1658 4681 2,
1668 4643 1693 4690 p.
1702 4632 1759 4677 ³2⁷.
1793 4628 1885 4678 Confer

258 4729 261 4735 ⁷
332 4703 461 4752 cellariam
472 4701 529 4748 Not.
541 4701 599 4748 Orb.
612 4700 698 4763 Antiq.
711 4702 727 4747 l.
738 4706 761 4754 2,
773 4716 795 4748 c.
808 4707 830 4749 t.
872 4703 928 4750 Mos
945 4704 1050 4768 eligendi
1069 4703 1151 4768 Reges
1170 4706 1232 4754 lnter
1243 4707 1326 4756 Iberos
1336 4707 1401 4756 idenr
1413 4708 1457 4756 snit
1469 4723 1496 4755 ac
1506 4707 1567 4753 inter
1579 4705 1705 4755 Hibernos.
1728 4707 1814 4757 Strabo
1825 4709 1884 4760 edit.

335 4779 569 4829 casaubnnbmsrel.
584 4784 656 4834 170⁷,
674 4781 689 4826 Ι.
699 4786 763 4832 tt‚t.
775 4787 826 4842 ἦρ.
838 4785 896 4830 765.

331 4860 376 4926 (4)
398 4859 460 4908 Vide
471 4857 572 4907 Dissert.
581 4859 613 4907 de
624 4859 705 4924 Relig.
719 4860 843 4912 Ethnicor.
853 4863 976 4913 Hibemie
985 4865 1038 4915 MS.
1049 4865 1074 4914 in
1085 4866 1215 4918 stonense.
1331 4868 1374 4934 (⁵)
1393 4867 1431 4919 tt·
1442 4866 1544 4923 Oratim·
1556 4865 1666 4927 intrem,
1678 4866 1789 4922 Wrraeat·

969 4951 994 5005 U
