4446 6000
678 593 1118 664 auuorarrours
1160 593 1234 659 nn
1273 595 1546 664 sac.v111.
1794 571 1894 679 139

324 775 389 847 aaa
401 773 566 858 Serpentem
579 777 608 836 in
622 796 720 838 eremo
742 796 761 834 a
779 777 865 834 Mose
886 786 1024 846 erectum,
1044 782 1074 833 et
1092 774 1238 833 Christum
1259 776 1289 833 iu
1308 775 1401 834 Cruce
1414 776 1569 849 sublatum,
1589 778 1656 839 alise
1667 780 1700 838 B.
1709 779 1747 840 V.
1759 780 1893 852 Mariam,

322 897 353 947 et
373 883 537 963 Apostolos,
558 890 589 940 et
614 880 812 956 Evangelicam
834 879 1001 949 Historiam,
1023 889 1053 936 et
1076 866 1193 937 visiones
1215 879 1401 956 Apoealypsis
1423 883 1669 956 repraesentabant,
1692 891 1834 956 quatenus
1852 883 1896 943 in·

320 1001 426 1068 traates
440 987 612 1058 Ecclesiam,
624 1005 734 1055 omnes,
747 986 835 1042 etiam
848 984 994 1041 literarum
1008 983 1106 1058 gnari,
1126 983 1172 1040 vel
1191 983 1393 1043 incarnationis
1402 985 1534 1060 gratiam,
1548 985 1594 1043 vel
1608 987 1731 1045 extremi
1743 986 1895 1059 discrimen

320 1095 473 1164 examinis,
487 1091 567 1169 quasi
577 1109 676 1150 corum
689 1089 780 1148 oculis
794 1089 938 1157 babentes,
960 1087 1115 1146 districtius
1128 1106 1158 1144 ss
1172 1087 1226 1164 ipsi
1240 1088 1406 1147 examinare
1420 1091 1620 1150 meminissent
1637 1092 1681 1163 (l)

359 1199 447 1269 Quod
471 1197 575 1256 attinet
597 1195 635 1253 ad
658 1213 742 1252 usum
765 1193 890 1270 partium
912 1190 1058 1261 Ecclesiae,
1083 1209 1102 1247 a
1123 1190 1256 1266 cogitoso
1281 1205 1480 1264 memoratum,
1512 1195 1615 1253 eadem
1645 1195 1732 1255 tradit
1750 1196 1832 1256 Philo
1858 1198 1895 1256 de

319 1302 434 1362 &ends
454 1299 667 1367 Alexandrinis,
689 1315 760 1373 quos
792 1295 986 1370 Hieronymus
1012 1292 1187 1352 Christianos
1214 1292 1299 1352 luisse
1324 1295 1455 1356 affirmat.
1511 1297 1619 1357 Eadem
1644 1297 1795 1359 dilucidius
1818 1302 1895 1376 apud

319 1400 498 1467 Clementem
519 1406 651 1478 leguntur
670 1401 707 1458 do
728 1399 859 1456 omnibus
877 1396 1053 1465 Christianis,
1074 1397 1242 1455 Sacerdotes
1261 1417 1363 1474 nempe
1376 1400 1524 1476 apopulo,
1549 1411 1579 1459 et
1599 1401 1673 1461 viros
1693 1422 1712 1461 a
1732 1402 1895 1462 mulieribus

318 1511 403 1569 fuisse
429 1509 586 1566 distinctos.
626 1504 656 1562 S.
667 1501 835 1560 Ambrosius
856 1499 983 1559 meminit
1002 1501 1059 1558 loci
1082 1500 1111 1556 in
1136 1501 1271 1558 Ecclesiis
1283 1501 1406 1576 separati
1428 1503 1542 1573 tabulis,
1555 1504 1604 1560 ubi
1619 1504 1747 1580 Virgines
1760 1517 1896 1581 seperatae

317 1626 442 1682 orarent,
454 1624 482 1670 et
497 1609 650 1685 Procopius
660 1606 787 1684 duplices
802 1604 931 1663 Porticus
943 1605 1003 1661 fieri
1018 1604 1113 1661 solitas
1124 1595 1256 1672 ostendit,
1268 1623 1388 1679 quarum
1402 1606 1493 1663 altera
1506 1607 1643 1677 laminas,
1664 1609 1738 1665 viros
1747 1608 1837 1665 altera
1846 1625 1894 1665 ca·

317 1737 386 1796 pere
396 1717 599 1774 destinabatur.
640 1711 715 1786 Ergo
728 1709 750 1766 si
761 1709 908 1784 Cogitosus
919 1707 1091 1784 respuendus
1099 1709 1144 1776 sit,
1156 1720 1189 1766 ut
1202 1709 1364 1783 posterioris
1377 1709 1428 1764 aevi
1438 1709 1575 1785 Scriptor,
1595 1712 1662 1785 quia
1672 1712 1782 1769 tabulas
1791 1712 1891 1787 pictas,

318 1836 349 1881 et
363 1819 498 1878 Ecclesiae
512 1816 660 1874 divisiones
673 1823 822 1884 memorat,
848 1833 866 1870 a
879 1813 939 1889 pari
952 1811 1098 1886 rejiciendi
1112 1823 1195 1868 erunt
1207 1811 1296 1880 Beda,
1318 1812 1502 1887 Augustinus,
1527 1814 1679 1884 Eusebius,
1704 1815 1894 1875 Monumenta

315 1924 465 1992 Vaticana,
488 1922 563 1978 anii
578 1922 671 1978 Roma
683 1921 877 1985 subterranea,
891 1926 921 1973 et
934 1935 1031 1972 omncs
1044 1934 1114 1990 quos
1127 1934 1214 1991 supra
1227 1916 1389 1973 memoravi.
1409 1919 1454 1987 (2)
1495 1918 1540 1974 Do
1551 1931 1613 1974 arte
1627 1919 1758 1994 pingendi
1775 1921 1892 1978 exculta

216 2100 218 2104 ι
312 2030 345 2092 in
363 2028 513 2096 Hibernia,
536 2026 612 2082 clare
631 2030 742 2081 constet
766 2041 803 2078 ex
825 2020 909 2078 dictis
933 2019 968 2076 do
994 2020 1124 2076 Vetustis
1148 2018 1342 2076 Hibernorum
1357 2020 1523 2090 codicibus,
1551 2021 1580 2078 in
1595 2020 1800 2080 Dissertatione
1815 2022 1892 2081 Pra-

318 2135 448 2203 Iirninari,
461 2143 490 2190 et
504 2152 542 2191 ex
552 2127 741 2204 AEtdclualpli
756 2127 885 2204 Epistola
897 2124 1024 2194 metrica,
1041 2125 1200 2200 Ecgbertho
1212 2127 1388 2202 Presbytero
1401 2125 1545 2201 inscripta,
1560 2126 1589 2183 in
1604 2147 1670 2203 qua,
1685 2138 1798 2186 narrata
1811 2148 1894 2206 pere·

313 2240 470 2316 grinatione
491 2235 651 2294 Eanmundi
675 2234 711 2289 ad
731 2233 878 2289 visendum
901 2230 1085 2297 Ecberthum,
1107 2229 1137 2286 in
1159 2229 1261 2287 finibus
1281 2228 1435 2299 Scotorum,
1467 2231 1496 2286 in
1519 2231 1616 2288 Insula
1636 2251 1717 2290 sacra
1736 2234 1892 2309 degentem,

317 2350 416 2420 postea
431 2342 564 2399 Ultorem
577 2339 784 2394 llibernensem
797 2334 906 2400 laudat,
920 2351 956 2388 ex
971 2331 1097 2407 eoquod
1117 2331 1248 2405 scriptor,
1264 2339 1292 2387 et
1307 2331 1405 2388 Pictor
1418 2321 1549 2390 librarum
1564 2343 1628 2392 erat
1642 2336 1770 2411 optimus.
1785 2337 1834 2410 (3)

717 2439 763 2495 Ex
777 2437 880 2514 quibus
894 2447 936 2492 est
948 2435 1048 2502 Ultan,
1064 2434 1200 2510 praeclnro
1211 2434 1324 2490 nomine
1338 2434 1431 2492 dictus

716 2543 877 2616 Presbyter.
900 2538 955 2595 Iste
969 2537 1022 2594 tuit
1036 2536 1201 2596 Scottorum
1215 2548 1301 2615 gente
1317 2541 1426 2610 beatm,

717 2645 839 2719 Conrptis
850 2643 898 2722 qui
914 2641 1007 2718 potuit
1019 2641 1092 2698 nnis
1104 2660 1204 2699 ornare
1217 2641 1329 2701 libellos.

352 2755 467 2815 Deinde
482 2752 652 2819 AEdsridum,
665 2747 790 2825 primum
804 2763 886 2803 suurn
901 2746 1108 2820 Praeceptorem
1121 2747 1151 2801 in
1162 2745 1299 2802 Hibernia
1312 2747 1395 2805 tuisse
1406 2755 1534 2817 testatur,

715 2848 864 2923 Aspiciens
878 2844 990 2916 faciem,
1003 2848 1113 2904 dudum
1129 2847 1163 2904 de
1176 2848 1313 2905 Hibernia
1327 2863 1434 2919 notam,

718 2955 843 3010 Nascere
856 2952 1009 3035 promerui,
1025 2950 1132 3009 carnali
1144 2951 1257 3008 nornine
1271 2952 1363 3011 dictus

715 3058 858 3115 AEdlridus
868 3056 916 3113 illo
928 3056 991 3125 fuit,
1005 3053 1104 3132 primis
1118 3055 1187 3112 mihi
1201 3054 1303 3114 doctor
1315 3056 1343 3112 in
1358 3053 1448 3114 annis.

357 3175 404 3234 De
418 3173 525 3230 Ultuno
538 3170 593 3227 hoc
605 3163 790 3241 llarpsleldus
805 3161 957 3238 inquit—“
976 3159 1105 3231 Ultores,
1119 3160 1166 3236 qui
1176 3158 1272 3234 polite,
1293 3168 1373 3235 atque
1386 3160 1523 3229 conemur,
1538 3158 1621 3216 libras
1634 3178 1728 3218 sacros
1742 3163 1891 3220 exscribere

312 3277 444 3340 solebat.”
460 3276 508 3349 (4)
552 3272 599 3330 De
613 3270 713 3327 eodem
736 3267 794 3343 agit
807 3264 962 3323 lllcnardna
975 3264 1005 3321 in
1019 3264 1091 3321 notis
1104 3263 1140 3320 ad
1156 3262 1394 3339 Martyrologium
1410 3261 1636 3332 Benedictinum,
1661 3265 1737 3340 Aug.
1749 3265 1890 3324 viii.—

316 3388 405 3453 Porro
419 3385 491 3441 inter
500 3379 670 3438 venerandas
685 3373 821 3434 Ecclesiae
835 3371 1008 3430 Kildarensis
1022 3371 1214 3445 antiquitates,
1230 3387 1299 3444 quas
1311 3366 1448 3425 Giraldur
1460 3366 1572 3425 Saecuio
1580 3368 1639 3424 llll
1652 3368 1794 3428 sevidisse
1807 3379 1893 3428 testa·

314 3482 371 3558 tur,
385 3509 465 3549 sacro
479 3486 603 3570 quodam
623 3483 732 3540 honore
752 3481 896 3538 eminebat
911 3476 960 3536 'IV
969 3476 1186 3552 Evarsgeliorum
1200 3473 1313 3542 Codex,
1336 3472 1384 3549 qui
1398 3471 1429 3529 S.
1446 3469 1571 3548 Brigidoe
1590 3473 1658 3530 iiber
1677 3474 1837 3546 dicebatur,
1860 3477 1891 3534 in

315 3573 398 3675 eujus
416 3591 540 3669 margine
558 3588 654 3664 figurae
670 3583 812 3663 Mysticae‚
826 3595 855 3640 et
868 3581 1008 3657 Imagines
1018 3597 1117 3648 sacrae,
1132 3577 1275 3635 coloribus
1288 3576 1412 3635 miniatis
1425 3575 1545 3653 depictae
1560 3589 1652 3648 erant,
1670 3585 1700 3636 et
1711 3578 1891 3637 characteres

313 3703 394 3755 tanta
414 3693 555 3769 elegantia
567 3689 724 3766 descn'ptae,
751 3703 786 3743 ac
812 3685 914 3743 Literae
935 3683 1057 3741 initiales
1072 3680 1168 3738 formis
1182 3690 1241 3738 tam
1254 3679 1377 3738 venustis
1398 3688 1515 3749 ornatae,
1540 3687 1572 3735 ut
1601 3684 1621 3713 ‘⁶
1643 3699 1697 3737 nec
1711 3681 1891 3759 Apellesipse

313 3795 419 3858 similia
430 3796 541 3852 efficere
551 3800 655 3870 posset,
668 3799 697 3847 et
711 3770 900 3865 manuputius
910 3805 967 3843 non
981 3784 1095 3842 mortali
1109 3785 1273 3852 efformatae,
1286 3801 1321 3839 ac
1336 3782 1456 3858 depictae
1469 3783 1659 3840 viderentur.”
1673 3784 1720 3856 (5)

330 4094 374 4157 (1)
385 4092 452 4142 Beda
462 4088 526 4138 ΗΜ.
536 4085 666 4137 Abbatum,
676 4083 722 4132 dre.
731 4080 791 4129 edit.
799 4079 976 4146 (laniabam.
985 4082 1042 4137 2⁹6,
1052 4083 1141 4134 aser,
1151 4085 1178 4127 et
1188 4079 1214 4130 iu
1224 4078 1287 4126 liist.
1298 4076 1364 4126 secl.
1376 4076 1393 4124 l.
1403 4081 1428 4133 4,
1438 4093 1461 4125 a.
1471 4080 1511 4136 18,
1518 4090 1617 4138 p.-cuua
1627 4073 1713 4137 quibua
1724 4076 1807 4125 sontes
1815 4075 1888 4144 δίκε.

317 4176 384 4224 ‘bam
395 4169 551 4236 Antiquities,
561 4165 624 4215 ibid.
631 4179 685 4228 pag.
693 4164 751 4210 ³21.

330 4253 375 4313 (t)
392 4248 507 4318 Bingbani
519 4244 665 4311 Antiquitiea
674 4243 704 4292 ot'
715 4243 756 4290 tbe
775 4239 833 4289 cnr.
842 4238 947 4295 Choreb
958 4255 983 4304 p.
995 4243 1052 4294 29⁴,
1062 4240 1118 4287 295.
1161 4237 1208 4294 Qui
1230 4235 1338 4284 doctiora
1358 4233 1466 4295 eupiunt,
1488 4233 1613 4283 complana
1633 4234 1800 4293 Manatum,
1812 4244 1885 4301 gem„

327 4334 449 4395 &wan
460 4331 528 4396 cuju
536 4327 679 4395 mauram
689 4322 848 4382 cretionem
856 4319 1003 4397 aaron„
1012 4320 1110 4369 arun.
1122 4317 1225 4379 neem
1236 4316 1284 4363 ms
1297 4314 1357 4373 rav,
1366 4313 1411 4363 ac.

329 4417 375 4480 (3)
392 4414 467 4469 ωδ
477 4428 493 4463 ⁸
503 4407 620 4467 Lelwdo·
653 4403 846 4465 spueclssllffisi·
858 4407 918 4469 ²11³·
929 4402 988 4465 w·

328 4491 377 4556 (4)
395 4493 522 4556 Har-prsetd
534 4489 596 4538 Hiar,
605 4504 627 4537 c.
640 4491 679 4543 14,
689 4502 714 4550 p.
724 4489 780 4534 m.
813 4482 1003 4553 Dippngnepdna
1012 4486 1048 4541 est
1054 4478 1084 4526 ab
1096 4477 1181 4529 Uttana
1193 4476 1264 4525 tratre
1276 4474 1410 4547 Ρινςοίράο
1421 4489 1469 4542 quo
1479 4475 1545 4527 Beda
1555 4477 1574 4527 l.
1583 4480 1608 4534 3,
1619 4493 1642 4528 e.
1655 4480 1695 4534 19,
1701 4483 1727 4525 et
1737 4482 1779 4525 nat
1789 4474 1820 4522 ad
1829 4488 1884 4522 ann.

328 4578 386 4629 660,
396 4590 466 4636 supra
478 4590 502 4638 p.
514 4576 555 4637 54,
564 4571 669 4640 itpque
677 4567 816 4628 aleltpm,
827 4564 859 4626 de
871 4578 918 4627 quo
928 4577 1000 4627 snpra
1010 4575 1066 4607 ann.
1080 4559 1138 4623 556,
1151 4575 1174 4623 p.
1186 4559 1227 4619 5³,

331 4655 375 4716 (5)
392 4653 486 4702 Giratd
495 4652 598 4715 Topogr.
608 4649 673 4708 Dist.
682 4648 714 4707 pi,
725 4654 750 4705 et
760 4647 785 4707 in
795 4644 912 4707 Hibernia
923 4642 1065 4708 Expugnata
1072 4639 1131 4703 edit.
1144 4638 1294 4704 lindjnalrepd
1305 4633 1452 4703 βιιῳῃῑςιος,
1463 4645 1520 4689 pm,
1529 4643 1554 4708 3,
1592 4637 1644 4705 ‘mg
1663 4635 1725 4701 1531,
1735 4632 1841 4684 primm
1852 4631 1884 4698 by

328 4730 444 4780 (iiraldua
455 4729 614 4785 cambrensis,
624 4744 679 4793 pag.
688 4730 730 4784 ⁵4,
740 4726 788 4776 col.
799 4731 821 4782 1,
833 4725 912 4776 lond
924 4723 990 4778 tolio,
1004 4724 1076 4770 1⁵⁸⁷.

975 4803 996 4849 Τ
1013 4807 1028 4850 2
