4446 6000
628 558 1070 628 annorsrronrs
1112 559 1186 623 an
1227 530 1523 627 sacam(
1736 535 1834 653 167

254 751 358 809 seelera
368 748 455 806 habat
468 745 572 804 iisdem
583 743 646 803 bro·
660 744 754 802 verbis
794 747 814 778 ‘⁴
836 741 900 812 Qui.
910 749 1007 800 autam
1020 753 1125 819 merget
1139 743 1329 816 Sacrificium,
1344 747 1484 804 eonbnno
1502 747 1582 805 bibat
1592 765 1696 824 aqesnr
1716 756 1747 806 et
1756 752 1833 826 qaod

254 862 279 892 “⁸
294 857 323 912 in
337 851 480 911 chrismale
492 851 579 909 fuerit
589 858 680 908 sumet
700 847 882 917 sacrificiunt,
896 857 928 904 at
938 847 1072 905 emendat
1089 866 1140 924 per
1153 868 1174 906 x
1188 849 1249 908 «lias
1264 851 1381 928 culpare
1397 852 1515 910 solutas.
1559 851 1591 908 Si
1598 851 1734 912 ceciderit
1745 854 1834 912 sacri·

253 965 274 993 ‘⁴
294 959 396 1015 ticiani
407 959 442 1015 de
456 954 592 1014 manibus
600 955 740 1012 odorantis
753 964 830 1010 tarra
848 960 940 1020 unna,
954 950 1010 1009 dac.
1032 970 1119 1008 ornne
1132 953 1333 1030 quodcumque
1356 955 1500 1013 inventuro
1515 955 1603 1012 fuera
1615 955 1644 1011 in
1659 955 1728 1015 loeo
1737 957 1767 1016 in
1777 975 1835 1036 quo

252 1066 276 1096 ‘⁹
292 1060 429 1121 reddata
443 1063 638 1128 comburatur,
648 1069 678 1116 at
688 1058 801 1116 cinisnt
817 1074 903 1132 supra
913 1057 1116 1114 abwoadatur.
1158 1055 1297 1116 Sacerdos
1307 1058 1413 1116 deinde
1426 1077 1501 1116 anno
1515 1058 1693 1118 damnetur?
1701 1061 1745 1131 (1)

292 1167 390 1225 Exhis
402 1166 546 1241 colligitur
559 1162 701 1221 Chrismal
717 1161 798 1217 fuisse
812 1157 951 1236 pixidem,
969 1157 997 1213 in
1011 1178 1069 1233 qna
1083 1159 1219 1219 Monachi
1239 1163 1361 1238 antiqui,
1374 1164 1429 1221 iter
1445 1175 1581 1240 malea
1592 1163 1834 1228 circumferebant

250 1272 359 1350 speeies
370 1280 560 1338 consecratas,
569 1269 657 1343 juxta
670 1264 906 1323 consuetudinem
922 1261 1059 1319 Ecclesiae
1079 1264 1244 1335 Primitiae,
1267 1269 1310 1340 (a)
1330 1268 1375 1323 uti
1387 1276 1467 1344 patet
1488 1287 1526 1324 ex
1541 1267 1642 1325 [renai
1659 1271 1833 1330 neemiae

250 1379 329 1454 apud
341 1375 496 1434 Eusebium
507 1373 566 1443 lb,
581 1371 691 1429 ilistor.
705 1388 732 1428 e.
744 1374 793 1427 25.

288 1479 358 1538 iarn
371 1497 437 1536 vero
451 1496 502 1534 ras
513 1478 550 1534 ed
563 1473 755 1533 Ministerium
770 1481 829 1530 tam
843 1490 958 1530 sacrum
967 1490 1024 1529 non
1038 1472 1143 1548 potuit,
1159 1470 1210 1530 nisi
1225 1473 1393 1532 necessitate
1407 1482 1537 1550 cogente,
1551 1477 1683 1534 vilisesse
1696 1478 1833 1537 materie.

250 1586 284 1643 ln
298 1582 396 1641 Altasi·
406 1582 486 1638 iutra
494 1580 665 1638 volutabam
680 1595 796 1636 auream
813 1575 1023 1633 Eucharistiarn
1048 1576 1150 1652 reponi
1162 1577 1280 1634 solitam-
1299 1577 1397 1648 fuisse,
1424 1579 1527 1655 legitur
1540 1580 1572 1637 in·
1583 1581 1670 1638 ibatis
1679 1579 1710 1637 S.
1723 1580 1832 1653 basilii,

249 1706 312 1765 qua
327 1684 521 1763 rlrnplriloain'i
538 1684 655 1740 nornine
672 1683 811 1758 inscripta
820 1680 974 1738 habentur.
1016 1680 1049 1736 ln
1064 1681 1173 1737 ciborio
1188 1682 1309 1757 pretioso
1324 1682 1519 1758 repondenans
1530 1685 1686 1741 decernant
1699 1684 1832 1744 Caerellia

250 1799 360 1851 veterna
378 1791 454 1867 apud
473 1789 521 1846 Du
535 1786 685 1864 Congium,
711 1785 860 1842 Mabillon.
876 1784 989 1841 trena
999 1783 1035 1840 ad
1045 1784 1144 1842 baed
1158 1785 1333 1843 benedictin.
1353 1787 1425 1844 etin
1441 1786 1589 1862 Binglserni
1601 1789 1830 1865 Ano'quitatibns

250 1895 427 1952 Christianis.
445 1893 622 1966 63)-Ροπο
641 1909 711 1948 cura
731 1890 789 1946 alia
809 1905 876 1946 vasa
889 1905 988 1956 aurea,
1002 1900 1148 1964 argentea,
1171 1902 1202 1946 et
1220 1906 1295 1946 area
1312 1888 1466 1946 habuerint
1480 1890 1611 1959 lliberni,
1632 1910 1680 1948 res
1692 1891 1754 1968 ipsa
1768 1911 1834 1969 pos·

250 2000 343 2058 tulare
362 1998 483 2066 videtur,
504 2006 537 2054 nt
559 1995 731 2054 Chrisrnalia
743 2011 808 2070 qaae
823 1993 905 2066 longe
920 1991 1110 2049 sacratissima
1128 2006 1219 2061 erant,
1229 2012 1248 2050 e
1259 1993 1389 2069 pretiosis
1400 1993 1521 2051 metallis
1533 2011 1552 2049 a
1564 1994 1673 2051 fortiori
1686 1996 1836 2054 efformata

250 2104 333 2161 luisse
354 2120 527 2160 censeamus.
564 2100 694 2159 Phialam
709 2098 862 2176 pretiosam
888 2096 974 2172 Regis
995 2084 1102 2167 Tertia,
1127 2096 1175 2172 qui
1199 2097 1312 2154 saeculo
1320 2096 1363 2153 vi
1386 2098 1513 2164 ineunte,
1529 2096 1558 2155 S.
1577 2098 1707 2175 Brigidiae
1721 2119 1834 2161 coesus

250 2206 312 2274 lirit,
326 2206 369 2263 his
379 2207 471 2264 serbis
482 2204 630 2279 descripsit
642 2203 749 2260 saeculo
762 2200 821 2257 Vll
835 2197 980 2257 coetaneo.

268 2310 440 2368 Omnicolor
458 2307 553 2365 inerat
566 2308 624 2363 Vas
638 2305 782 2380 quoddam
798 2301 882 2376 Regis
902 2301 931 2356 in
942 2301 1019 2358 aula.
1081 2302 1222 2358 Verberat
1231 2316 1289 2377 atq.
1301 2303 1400 2360 oetrlos
1408 2303 1581 2379 speculantis
1596 2305 1714 2363 flamma
1730 2307 1837 2366 nitoris

270 2412 433 2470 Mirabatur
446 2428 527 2486 opes,
538 2410 675 2466 Veterum
687 2407 880 2483 quodinsigne
895 2405 1041 2464 Virorum.
1080 2405 1184 2463 Priscae
1199 2404 1316 2462 factura
1330 2407 1443 2464 fuerunt
1459 2426 1522 2464 narn
1541 2409 1647 2483 poeula
1660 2410 1799 2485 quaedam.
1838 2452 1843 2463 .

216 2497 221 2511 ¹
271 2517 379 2575 Pocula
394 2515 485 2572 malta
495 2511 589 2581 arnul,
603 2521 710 2588 septem
724 2521 876 2587 compacta
889 2510 1020 2568 metallis.
1079 2511 1197 2569 'l'alibus
1209 2512 1318 2589 antiqui
1335 2514 1443 2571 Paleris
1454 2496 1584 2572 convivia
1597 2515 1699 2591 Reges,
1779 2522 1784 2529 ’

269 2598 425 2679 Aurieolor
435 2616 556 2687 Vitrasia,
577 2616 687 2673 sociato
698 2614 785 2691 fulget
794 2615 912 2672 electro.
1080 2616 1189 2674 Dulcia
1199 2635 1252 2692 per
1260 2620 1383 2694 populos
1397 2621 1538 2676 ornabant
1549 2629 1750 2680 morevetusto.

268 2723 470 2785 commixtura
479 2722 550 2778 latet
560 2719 694 2788 calicum,
708 2720 757 2775 sed
771 2718 886 2775 ductilis
901 2719 960 2787 illa,
1082 2721 1232 2778 Delieiosae
1247 2723 1373 2799 quidem,
1387 2724 1491 2801 fragilis
1503 2724 1551 2783 sed
1564 2725 1645 2783 valde
1658 2725 1763 2803 figuras.
1786 2726 1830 2801 (1)

269 2827 431 2904 Spargebat
443 2823 538 2882 nitidis
551 2823 705 2899 crispantia
719 2822 827 2879 lumina
837 2826 960 2899 gemmis.

290 2930 399 2988 Eadem
423 2928 510 2986 habet
533 2927 662 2984 Ultanas.
703 2933 724 2958 “
738 2927 796 2984 Vas
818 2929 983 3006 pretiosum,
999 2932 1115 2988 factarae
1136 2930 1282 2999 mirabilis,
1300 2941 1328 2988 et
1354 2933 1481 2990 materiae
1505 2933 1645 3010 pretiosae,
1664 2934 1837 3012 quodapnd

250 3039 269 3071 ‘⁴
290 3035 410 3093 Veteres
424 3035 582 3091 vocabatur
593 3030 762 3109 septiformis
776 3031 881 3110 Calyx.
923 3033 1000 3090 illud
1022 3044 1178 3093 autemvas
1200 3035 1306 3093 recidit
1326 3034 1363 3091 de
1377 3053 1465 3092 manu
1487 3034 1584 3092 rustici
1606 3046 1637 3093 et
1651 3036 1832 3095 confractum

250 3145 268 3173 ‘⁸
289 3139 361 3200 est.''
379 3141 424 3212 (5)
462 3137 496 3196 In
509 3147 621 3197 vetusta
633 3137 690 3195 vita
706 3136 866 3197 metricas.
878 3137 1011 3214 brigidae,
1024 3136 1120 3212 lingua
1135 3136 1291 3195 Hibernica
1303 3139 1410 3215 scripta
1423 3157 1442 3196 a
1455 3140 1585 3218 Brogano
1599 3141 1699 3211 Poeta,
1716 3139 1772 3199 Vas
1785 3161 1834 3200 ar·

247 3251 377 3319 genteam
392 3250 579 3312 memoratur,
591 3241 666 3316 quod
679 3260 735 3298 non
749 3243 843 3319 potuit
854 3241 981 3318 frangere
995 3241 1084 3310 faber,
1096 3251 1125 3298 et
1143 3239 1224 3316 fregit
1238 3241 1417 3317 brigida—³⁸
1432 3240 1470 3298 In
1481 3241 1534 3298 dan
1547 3241 1664 3320 arggas't
1676 3262 1716 3299 no
1726 3242 1833 3301 dacom-

249 3351 269 3379 “
290 3345 382 3422 maiglt
396 3345 424 3402 ia
436 3341 589 3419 mortiflo)
601 3345 708 3403 Eadem
720 3345 963 3422 habetCogitosus
984 3344 1117 3401 “Tribus
1132 3344 1249 3420 leprosis
1264 3345 1478 3420 postulantibus
1490 3363 1603 3418 munus,
1617 3364 1666 3403 vas
1679 3346 1780 3423 largita
1789 3356 1833 3406 est

249 3453 268 3481 ‘⁶
290 3458 463 3524 argenteum,
477 3457 507 3504 et
517 3449 632 3506 cuidam
643 3447 673 3504 in
685 3449 857 3524 ponderibus
867 3449 929 3507 auri
944 3457 975 3507 et
987 3447 1097 3524 argenti
1109 3460 1268 3524 comperto,
1282 3448 1356 3506 dixit
1370 3457 1402 3506 ut
1414 3448 1490 3507 inter
1503 3448 1567 3505 illos
1581 3448 1636 3506 hoc
1651 3451 1833 3524 ponderaret,

248 3559 268 3587 ‘⁴
291 3553 379 3612 tribus
392 3571 470 3629 aeque
483 3554 641 3630 aequalibus
651 3553 792 3629 partibus,
806 3572 928 3630 cumque
942 3572 1080 3616 excusare
1090 3572 1120 3611 se
1134 3552 1337 3630 caepissetdzc.
1347 3552 1409 3630 ipsa
1423 3553 1599 3632 apprehenso
1613 3572 1677 3610 vase
1688 3564 1832 3629 argenteo,

248 3659 268 3690 ¹‘
289 3638 382 3714 allidit
395 3667 496 3713 contra
508 3656 645 3732 lapidem,
666 3665 696 3712 et
709 3656 849 3732 confregit
860 3657 890 3714 in
903 3667 960 3714 tres
985 3665 1018 3714 ut
1038 3657 1130 3715 voluit
1143 3657 1268 3734 aquales
1281 3656 1403 3734 partes,”
1419 3656 1475 3715 dec.
1491 3661 1540 3728 (7)
1583 3656 1756 3714 Laurentius
1769 3656 1833 3713 Du·

248 3756 407 3824 nelmensis,
433 3759 480 3832 qui
502 3758 630 3831 ejusdem
643 3758 763 3834 Brigidae
776 3759 874 3829 vitam,
901 3768 967 3817 ante
988 3759 1145 3834 Anglorunr
1157 3761 1186 3817 in
1211 3759 1377 3816 iliberniarn
1401 3760 1566 3826 adventum,
1589 3756 1740 3831 descripsit
1752 3756 1837 3815 circa

249 3878 353 3918 annum
368 3867 455 3931 1140,
471 3861 516 3932 (8)
528 3862 628 3920 eadem
635 3882 673 3920 ex
686 3863 821 3939 cogitoso
833 3846 951 3920 'enarrat
964 3879 1029 3939 cap.
1039 3869 1088 3921 54.
1105 3863 1152 3933 (9)

263 4165 307 4232 (1)
321 4165 437 4215 cumeani
448 4167 480 4214 de
491 4165 607 4215 Menam
618 4165 704 4214 Parit.
716 4183 745 4214 ex
756 4165 849 4217 Codice
860 4166 1006 4216 Veneranda
1017 4165 1190 4216 Mallus·
1202 4162 1370 4212 irsColleatan.
1383 4158 1447 4207 Sacr-
1458 4175 1483 4221 p.
1495 4163 1551 4215 209,
1563 4158 1610 4208 ool.
1622 4163 1647 4210 ὶ.

264 4247 307 4312 (2)
322 4249 346 4296 S.
356 4249 470 4296 Ambrosii
489 4247 572 4295 Oratio
592 4247 617 4294 in
640 4248 723 4295 funere
735 4246 822 4310 Satyri.
834 4245 936 4309 Gregor.
958 4249 975 4296 l.
988 4251 1013 4303 8,
1023 4246 1121 4309 Dialog.
1131 4262 1153 4294 c.
1164 4247 1206 4293 36.
1263 4242 1326 4290 Acta
1347 4239 1470 4286 Laurentii
1481 4239 1527 4305 Epi
1537 4239 1631 4288 Dublin
1640 4241 1706 4306 apud
1724 4240 1829 4305 Surium,

262 4327 328 4377 Nor.
341 4334 379 4376 ta.
412 4328 528 4392 Bingium
536 4326 654 4391 Antiqui
660 4329 702 4377 the
711 4328 798 4377 Christ.
810 4327 916 4383 Charch,
928 4327 946 4375 l.
957 4331 981 4382 8,
989 4342 1012 4375 o.
1024 4331 1047 4380 6,
1057 4333 1082 4373 et
1093 4326 1108 4373 l.
1119 4327 1159 4379 15,
1169 4328 1223 4380 aa,
1235 4323 1280 4385 69.

262 4408 307 4474 (3)
316 4409 358 4457 Da
368 4411 447 4474 Gange
458 4408 669 4458 Glossar.Vocibus
680 4410 757 4476 Pyss's,
768 4417 793 4459 et
804 4408 927 4462 chrismal,
943 4407 1005 4457 Beda
1016 4407 1047 4454 de
1059 4405 1129 4455 Iocis
1140 4404 1232 4453 Sanctis
1241 4419 1274 4451 ex>
1287 4403 1423 4451 Adamana
1434 4416 1457 4449 c.
1470 4405 1494 4457 2,
1505 4400 1619 4450 describit
1629 4401 1737 4450 Calicem
1745 4417 1830 4466 orgen·

264 4499 334 4540 uun.
353 4490 463 4538 canones
472 4488 641 4555 SeronRegia
651 4489 740 4555 Edgari
752 4493 820 4545 eat,
829 4487 990 4537 etBosoRer.
1000 4486 1091 4551 Litnrg.
1103 4486 1121 4534 l.
1129 4491 1152 4539 1,
1163 4485 1255 4540 ο.15,ι
1265 4486 1353 4547 plot,
1362 4480 1393 4529 ad
1405 4484 1461 4530 469.
1472 4482 1653 4531 &colomanus
1664 4496 1731 4530 aneo
1746 4479 1828 4529 Calioe

264 4584 321 4618 osus
332 4579 368 4617 est
380 4586 428 4632 prre
439 4571 582 4626 bumilitate,
589 4579 614 4618 et
625 4571 708 4620 Gallae
719 4569 770 4634 ejus
777 4570 917 4634 exemplum
928 4579 1032 4624 secutas,
1043 4567 1144 4616 calicem
1151 4574 1287 4630 argenteam
1297 4562 1423 4611 recusant.
1441 4560 1503 4610 Acta
1514 4561 1578 4625 apud
1585 4563 1680 4610 Sarius·
1691 4559 1776 4609 Octob.
1785 4565 1826 4610 16.

264 4646 393 4695 Historiam
413 4648 482 4697 Senis
498 4651 630 4712 Serapionis
648 4652 722 4699 refert
743 4665 773 4698 ex
791 4650 889 4700 Eusebii
900 4649 962 4699 Hiat.
974 4649 1041 4699 Eccl.
1061 4650 1077 4698 l.
1087 4651 1112 4705 6,
1122 4650 1194 4703 aaa,
1213 4644 1302 4708 Fleury
1314 4644 1331 4691 1.
1342 4647 1368 4699 Τ,
1378 4657 1402 4690 n.
1413 4646 1438 4698 1,
1450 4657 1474 4704 p.
1483 4643 1540 4696 245,
1561 4647 1587 4687 et
1605 4639 1721 4702 Bingloss
1741 4639 1827 4706 Antia.

263 4729 292 4777 of
300 4729 341 4774 the
349 4728 436 4774 Christ.
448 4727 552 4784 Choreb,
563 4739 574 4778 t
595 4736 617 4786 1,
630 4731 653 4777 b.
664 4734 687 4779 8.
698 4735 751 4786 ab,
763 4730 840 4780 lond.
852 4731 894 4779 fol.
907 4730 966 4779 edit.
978 4733 1054 4789 itta,
1064 4745 1118 4793 pag.
1127 4730 1184 4777 sot.
1224 4725 1378 4774 eonferenda
1399 4731 1435 4770 est
1453 4719 1558 4769 Historia
1568 4719 1648 4784 Satyri
1663 4734 1735 4784 quara
1753 4721 1828 4771 refert

264 4807 354 4872 Fleury
367 4823 397 4854 es
408 4807 430 4855 S.
442 4807 568 4857 Ambrosio
580 4810 596 4857 l.
606 4815 644 4866 17,
656 4827 681 4858 n.
692 4817 732 4859 40.
745 4828 769 4874 p,
780 4814 838 4860 w.

263 4887 307 4953 (4)
323 4886 387 4935 Edit.
399 4902 428 4934 er
439 4885 568 4936 Codicibus
577 4888 728 4944 cassinense,
739 4891 866 4948 Vaticano,
880 4890 1029 4948 Barbarinio,
1041 4899 1067 4940 et
1077 4889 1149 4940 Luca
1159 4885 1274 4950 Wrdingi
1285 4886 1309 4933 in
1320 4883 1387 4933 Acti·
1397 4898 1418 4930 c·
1432 4885 1472 4936 97.
1483 4880 1571 4944 11587·

263 4967 307 5032 (s)
320 4968 382 5015 aare
394 4966 520 5016 „conce
530 4969 687 5018 vaesana
698 4952 873 5019 metaneae
881 4971 905 5019 u
916 4971 1020 5022 nevas·
1031 4971 1090 5026 nn,
1101 4985 1157 5033 pag.
1167 4970 1256 5022 519...
1265 4969 1307 5014 ss.
1402 4960 1445 5024 (a)
1459 4959 1763 5024 temptationes.

263 5046 306 5112 (7)
322 5049 441 5115 Cogitata·
451 5049 476 5099 ia
485 5048 544 5100 virs
554 5048 578 5098 S.
590 5049 695 5114 Brigide
704 5067 726 5100 c.
739 5055 780 5108 28,
789 5052 848 5102 ibid·
862 5067 886 5116 p.
895 5053 952 5102 522.
1017 5048 1061 5115 (8)
1077 5049 1170 5100 Pincus
1179 5049 1211 5096 de
1221 5044 1308 5110 Script.
1319 5041 1393 5106 aigi.
1404 5045 1459 5091 214.
1534 5038 1673 5106 (llb'l'riad.
1685 5044 1779 5105 abbo.
