4446 6000
770 575 1031 641 nutritus
1075 571 1473 640 uurouruuses.
1807 550 1910 645 903

333 753 391 827 uir
414 750 648 849 [Devastatio
667 750 789 849 Regni
806 750 1069 850 agentilibus.·
1108 750 1384 849 Praedamagua
1398 753 1595 828 mulierum
1625 769 1811 854 raptarum
1842 780 1907 831 ex·

333 871 450 967 inde]
497 871 752 972 Ceomffaelod
778 899 856 948 moe
874 875 1038 948 Romaiu
1055 874 1193 963 Scriba,
1227 884 1251 954 7
1270 875 1548 972 EpsAucorita,
1583 877 1654 953 Ab.
1673 880 1774 954 Atro
1792 881 1911 956 Tertio

333 998 476 1094 [Abbas
505 998 723 1071 Mouasterii
751 998 838 1071 vadi
871 997 1087 1090 Trimensis]
1121 990 1330 1070 dormivit(
1362 997 1473 1095 Sloglt
1504 1002 1542 1072 la
1572 998 1763 1074 Concobar
1792 1026 1871 1078 moe
1886 1025 1911 1075 n
1940 1074 1942 1078 Α

337 1123 520 1197 Donnclra
537 1148 575 1196 co
593 1121 754 1195 lorduclr
771 1120 879 1194 sleibe
897 1118 1022 1193 Furit.
1040 1119 1255 1214 [Exercitus
1271 1132 1356 1194 cum
1372 1120 1594 1197 Concobaro
1611 1122 1688 1195 filio
1707 1123 1912 1200 Donchorli

333 1246 514 1342 usquead
531 1245 696 1333 Ardaclr,
714 1243 735 1316 i.
746 1268 775 1317 e.
795 1244 879 1317 loca
894 1242 1139 1316 eminentiora
1154 1243 1291 1315 montis
1309 1242 1457 1337 rnatu]
1515 1243 1693 1319 Vastacio
1710 1270 1758 1318 nu
1775 1246 1913 1322 nairtir

329 1368 488 1444 *Conrice
505 1368 641 1442 Emain
672 1368 826 1441 mathae.
887 1363 1074 1461 [Vastatio
1092 1366 1338 1442 Orientalium
1356 1368 1516 1465 partium
1549 1391 1666 1465 usque
1697 1368 1745 1440 ad
1777 1364 1909 1443 vicini·

335 1502 449 1564 tatem
470 1491 684 1585 Eamaniae.]
1430 1541 1434 1548 ·

332 1618 401 1694 ἵει.
428 1614 523 1692 tom
538 1617 624 1700 nt
665 1616 936 1713 MacRiagoil,
957 1640 1070 1715 nepos
1087 1618 1269 1715 Magleni,
1291 1619 1425 1707 Scriba,
1445 1630 1469 1699 7
1486 1618 1570 1718 Eps,
1600 1620 1671 1693 Ab.
1687 1619 1805 1693 Biror
1819 1616 1910 1716 [Ab-

330 1740 399 1813 lias
424 1739 548 1832 Birrae]
572 1738 690 1836 periit.
708 1737 767 1834 (l)
822 1739 922 1835 Aiglr
941 1764 988 1812 on
1012 1742 1155 1814 tricenta
1186 1765 1233 1813 ru
1252 1756 1381 1814 reseret
1414 1731 1627 1830 innom'uire,
1663 1743 1908 1829 7innaloclo,

334 1874 357 1943 7
374 1866 461 1936 inno
477 1864 586 1952 aioni,
605 1864 803 1936 conruetlro
817 1865 959 1960 graige,
986 1867 1083 1953 7eti,
1121 1877 1144 1944 7
1159 1862 1315 1961 sedman
1335 1863 1497 1938 iormaib.
1550 1861 1664 1959 Sloglr
1690 1864 1727 1934 la
1745 1848 1910 1936 Murclre

332 2010 388 2059 mc
402 1988 598 2060 Maelduin
616 2013 657 2062 co
660 1984 793 2084 seroib
808 1989 875 2061 ind
878 1984 1001 2086 foculi
1018 1988 1154 2060 conrici
1172 1984 1463 2059 Airdmlreoain.
1520 1983 1626 2056 Elud
1652 1985 1765 2056 iorom
1780 1984 1827 2056 do
1841 1976 1909 2080 se·

333 2110 415 2183 raib
434 2108 538 2207 Breg
555 2111 653 2184 euice
673 2111 709 2182 ·i·
739 2109 933 2184 Diomoit
950 2134 1005 2183 mc
1032 2110 1142 2184 Neill
1164 2110 1251 2183 cosil
1278 2109 1407 2183 Aedlo
1438 2107 1561 2182 Slaine
1586 2107 1852 2205 conregiollsot
1873 2128 1911 2178 ec

331 2237 451 2309 druim
469 2234 650 2331 Fergusro
668 2235 709 2307 do
737 2233 939 2306 Murclrod.
993 2229 1220 2325 Indredfer
1245 2233 1369 2326 mbreg
1384 2223 1430 2304 la
1448 2231 1599 2306 Conoob.
1617 2255 1672 2304 mc
1689 2256 1713 2303 n
1734 2229 1913 2306 Donnclaeo
1975 2235 1978 2241 '

328 2357 537 2429 condersidlr
554 2377 613 2427 ecc
624 2355 784 2450 gualoit.
838 2354 979 2427 Indred
993 2354 1152 2426 deiecerd
1160 2352 1265 2449 Brcg
1281 2354 1345 2426 leis
1361 2354 1546 2445 aiterraclr
1564 2355 1602 2427 in
1620 2354 1709 2428 Kal.
1723 2344 1912 2428 Noosscon·

331 2480 474 2552 torcoir
489 2481 598 2571 sluog
612 2477 729 2550 dimor
743 2476 806 2547 leis
824 2476 865 2547 de
867 2471 1000 2574 seroib
1014 2476 1178 2564 deucere,
1209 2464 1516 2574 7conrugiollsut
1531 2476 1596 2550 lui
1604 2479 1761 2574 'cerrraig
1776 2478 1908 2550 arcein.

329 2604 447 2700 [Gelu
462 2601 629 2676 mirabile
646 2599 786 2698 gelavit
800 2622 901 2672 mare
918 2612 955 2672 et
973 2599 1086 2687 lacus,
1119 2613 1157 2671 et
1190 2599 1353 2689 flumina,
1387 2600 1440 2673 ita
1473 2614 1515 2674 ut
1533 2601 1834 2675 conducerentur
1852 2623 1909 2672 ar-

328 2741 456 2801 menta
472 2748 663 2820 equorum,
684 2737 723 2796 et
739 2745 880 2821 greges,
900 2736 936 2796 et
948 2722 1147 2820 vectigalia
1163 2725 1261 2796 ultra
1272 2722 1448 2819 citraque.
1485 2722 1683 2798 Exercitus
1701 2748 1789 2798 cum
1806 2720 1910 2796 Mur·

331 2848 451 2922 chado
469 2847 547 2919 filio
564 2845 770 2932 Maelduni,
790 2845 900 2916 simul
924 2869 1011 2918 cum
1036 2844 1176 2918 viribus
1207 2844 1377 2936 Fochliae,
1399 2870 1516 2942 usque
1541 2847 1586 2920 ad
1605 2846 1910 2920 Ardbraccan.-

332 2969 529 3045 Deficiunt
551 2969 646 3041 clam
674 2967 719 3039 ad
750 2991 835 3040 eum
854 2965 921 3039 viri
946 2967 1096 3066 Bregiae‚
1117 2968 1178 3041 ie.
1206 2951 1390 3043 Diarmait
1413 2969 1510 3041 filius
1536 2968 1662 3055 Neilli,
1690 2974 1909 3065 cumgente

330 3093 426 3167 Aodi
451 3090 576 3180 Slanii,
601 3102 644 3163 et
662 3088 895 3162 tradiderunt
907 3087 1056 3162 obsides
1072 3089 1105 3163 ei
1122 3090 1220 3187 apud
1240 3091 1347 3165 Drim
1366 3090 1514 3188 Fergus.
1561 3089 1690 3163 Praerla
1705 3089 1909 3162 incolarum

332 3215 483 3313 Bregiae‚
504 3226 616 3311 capta
632 3237 654 3285 a
670 3210 894 3286 Concobaro
911 3210 988 3284 lilio
1007 3209 1216 3302 Douchadi,
1237 3213 1358 3287 donec
1376 3212 1544 3311 pervenit
1560 3236 1676 3308 usque
1697 3209 1909 3284 Gualad.-—

331 3336 502 3411 Vastatio
520 3334 687 3409 australis
701 3334 847 3433 Bregiae
864 3336 910 3408 ab
936 3334 1064 3409 eodem
1076 3334 1203 3408 denuo
1220 3335 1257 3409 in
1276 3335 1358 3409 Kal.
1377 3335 1416 3408 N
1419 3359 1477 3407 ov.
1492 3351 1534 3408 et
1556 3334 1701 3408 deletus
1719 3347 1775 3407 est
1797 3332 1844 3407 ab
1860 3356 1904 3407 eo

327 3483 504 3534 nanterus
513 3457 626 3532 valde
634 3482 801 3554 magnus
820 3457 980 3531 virorum
999 3457 1183 3532 Australis
1202 3457 1354 3556 Bregim,
1374 3456 1558 3538 robsides
1576 3456 1802 3530 darecoacti
1821 3468 1909 3530 sunt

327 3583 393 3680 Hy
412 3581 587 3680 Cemagii
598 3579 782 3678 insuper]
815 3579 920 3654 Mors
938 3580 1159 3655 Forbacaiclr
1175 3579 1248 3655 Ab.
1263 3580 1345 3655 Act
1357 3581 1405 3653 ho
1423 3579 1597 3679 Cainoig.
1651 3578 1911 3654 Cummuscaclt

328 3729 408 3777 aroc
424 3705 575 3776 tuasne
583 3726 654 3774 rex
673 3704 789 3775 Airde
805 3703 1023 3778 cionnaclrto
1033 3702 1116 3802 jug.
1136 3706 1245 3777 estla
1261 3704 1354 3801 [per]
1375 3704 1577 3778 Marchad.
1617 3702 1759 3776 Bellum
1773 3701 1913 3799 Torbgr'

332 3825 429 3898 iuter
455 3824 669 3899 Connaclrta
689 3824 863 3898 invicem.
917 3825 1085 3921 Nepotes
1115 3825 1255 3898 Briuin
1282 3825 1454 3921 prostrati
1472 3836 1571 3912 sunt,
1599 3823 1747 3920 plurimi
1767 3822 1910 3897 nobiles

330 3943 516 4020 interfecti
534 3959 631 4033 sunt,
649 3969 738 4041 erga
755 3944 882 4019 Duces
895 3948 931 4021 ·i·
943 3945 1093 4021 Dunclt.
1110 3970 1190 4020 mac
1204 3943 1414 4043 Motnatgl,
1433 3945 1652 4041 moronga!
1663 3968 1718 4018 me
1733 3943 1906 4018 Dunelrrr.

332 4069 497 4166 Nepotes
513 4067 645 4141 Maine
663 4067 821 4140 victores
835 4081 949 4157 eraut,
979 4081 1001 4148 7
1021 4068 1215 4143 Diarmait
1231 4090 1309 4141 mac
1324 4068 1538 4164 Tomoltoig.
1581 4067 1728 4165 Strages
1746 4067 1910 4142 virorum

331 4188 491 4265 Breibne
526 4212 616 4285 ergo
649 4189 790 4287 Regem
817 4213 925 4263 suum
961 4192 997 4264 ·r'·
1037 4188 1235 4264 Maelduin
1277 4213 1355 4262 mac
1385 4188 1593 4285 Ectlgaile,
1628 4191 1666 4263 la
1701 4191 1800 4265 cernel
1821 4189 1910 4269 ‚Fci-

332 4314 480 4402 rlilmito,
527 4311 695 4408 [faetaa
731 4313 916 4387 Clientela
949 4312 1095 4408 eelim]
1168 4312 1333 4386 Roim'ud
1342 4307 1419 4409 sor
1452 4311 1537 4408 ficu
1578 4312 1910 4390 Airdeciannaclrtc

331 4460 372 4509 re
410 4434 599 4530 [Praelium
632 4451 740 4510 atrox
775 4449 907 4510 contra
931 4434 1318 4535 Ardciaunachteuses
1350 4445 1496 4534 gestum
1529 4434 1564 4528 a]
1597 4433 1823 4512 Cumuscoclr
1854 4462 1910 4516 me

335 4762 382 4834 (l)
397 4760 474 4820 Vide
485 4763 601 4838 qaue
613 4764 668 4823 hoc
684 4763 753 4822 Moe
767 4764 867 4841 Regol,
877 4773 909 4822 et
919 4765 956 4824 de
966 4764 1072 4824 Codice
1085 4765 1127 4823 lV
1139 4762 1358 4841 Evangellorum
1367 4761 1615 4828 llushwortlriono‚
1627 4762 1706 4820 dicta
1719 4771 1786 4820 sunt
1798 4761 1828 4820 in
1843 4760 1909 4826 Dis·

192 4926 195 4932 Ι
332 4856 488 4916 sermione
500 4856 691 4930 Prelimiuari,
712 4862 762 4919 ubi
775 4859 812 4919 de
825 4857 969 4920 coriatus
982 4859 1152 4919 Hibernicr'r.
1190 4858 1371 4918 conveniunt
1382 4856 1508 4916 Annales
1517 4856 1560 4912 lV
1567 4853 1782 4933 Magistrum,
1798 4856 1865 4918 MS.
1878 4858 1909 4921 io

337 4951 481 5013 stom
494 4953 529 5012 ad
539 4971 611 5013 ano.
622 4960 692 5014 820.
733 4955 780 5014 De
794 4954 849 5013 hoc
863 4955 994 5032 Antiquo
1006 4955 1150 5033 Scriptore
1163 4955 1250 5016 silent
1262 4955 1401 5024 Usserius,
1415 4953 1552 5022 umus,
1565 4951 1708 5030 Colgruur
1717 4965 1746 5012 et
1759 4972 1866 5014 omne.
1893 4941 1898 4955 ⁸

1069 5048 1093 5096 D
1102 5049 1119 5096 d
1128 5054 1144 5100 2
