4446 6000
771 569 1033 641 surianos
1069 572 1465 639 cenomanens.
1805 543 1905 646 265

320 750 389 830 nni
406 753 615 854 Cennetigi‚
642 754 704 829 ie.
724 749 862 830 Briani
876 756 1082 831 Boronrlrei.
1116 753 1313 830 Exercitus
1332 755 1470 829 ductus
1488 779 1508 829 a
1525 754 1798 848 Murcertacho‚
1815 756 1906 834 'vas-

323 879 420 952 tavit
436 878 603 970 Midiam,
623 891 662 954 et
681 880 869 977 regionem
895 879 1012 968 Faliae,
1026 877 1126 953 unde
1140 875 1330 974 profectus
1345 890 1401 952 est
1414 878 1460 952 ad
1477 879 1719 971 Ossorienses,
1733 908 1755 957 a
1771 883 1906 983 quibus

319 1000 475 1075 abstulit
494 1000 660 1100 vectigal
680 1001 858 1076 debitum.
905 1001 1055 1075 Deinde
1073 1000 1235 1074 vastavit
1250 1000 1394 1090 Desios,
1424 1013 1462 1075 et
1479 1002 1636 1077 abstulit
1653 1027 1782 1080 secum
1798 1006 1906 1082 Ceal-

321 1123 455 1200 {achan
475 1125 616 1223 Regem
643 1124 823 1215 Canache,
859 1125 899 1198 in
930 1125 1097 1200 obsidem
1118 1124 1232 1222 Regis
1258 1125 1531 1202 Dunnchadi,·
1558 1128 1811 1230 Maelruanag,
1833 1131 1900 1208 ie.

326 1240 413 1324 Rex
427 1247 576 1323 futurus
590 1248 757 1339 Anchise,
789 1248 886 1324 filius
908 1248 1050 1340 Fianni,
1085 1248 1229 1323 occisus
1247 1274 1269 1323 a
1284 1249 1530 1324 Tirconalliis.
1576 1249 1789 1326 Euchadius
1807 1255 1905 1329 filius

326 1371 510 1460 Scannaii,
530 1371 753 1470 Praepositus
768 1372 988 1448 Monasterii
1004 1371 1227 1462 Imlecensis,
1248 1370 1430 1464 moritus]
1442 1370 1503 1467 (1)

325 1498 394 1575 flu.
422 1493 535 1573 mtttt
550 1498 586 1579 r!
603 1497 627 1585 i,
646 1496 692 1570 al.
710 1497 746 1578 r!
762 1496 804 1574 it
857 1496 940 1569 Καὶ
954 1495 1038 1570 Jan.
1055 1495 1149 1570 Lun.
1168 1522 1205 1568 x.
1259 1495 1448 1568 Dunelmd
1476 1519 1555 1571 mac
1572 1495 1767 1587 Sullumer',
1796 1498 1902 1598 Epis·

326 1641 441 1716 copus
457 1617 602 1692 Cluana
621 1618 778 1703 menois,
799 1618 934 1692 Foelun
957 1644 1037 1694 mae
1061 1618 1342 1716 Muiredlraiglr,
1363 1618 1399 1691 ri
1426 1618 1570 1714 Luigin,
1597 1618 1698 1712 [Rex
1717 1619 1902 1720 Lagenioe]

323 1740 542 1814 moriuntur.
598 1739 825 1814 Cutlrroined
835 1766 899 1815 ren
918 1742 979 1815 nib
993 1741 1196 1841 Fuilgisor
1209 1741 1303 1817 Gall
1319 1741 1421 1813 Atlio
1433 1738 1569 1831 Cliatlr,
1588 1741 1774 1837 [Praelium
1793 1758 1902 1820 atrox

323 1877 472 1961 gestum
490 1863 536 1936 ab
556 1863 618 1962 Hy
636 1864 745 1938 Faliis
764 1877 895 1939 contra
912 1864 1149 1962 Alienigenas
1176 1862 1375 1956 Dublinii]
1405 1862 1468 1935 sed
1504 1861 1543 1937 iu
1576 1865 1788 1961 precedenti
1804 1890 1901 1943 anno

320 1984 393 2059 hoc
412 1986 552 2060 factum
571 2000 637 2061 est.
693 1986 982 2082 DunlJlrgloierr'
998 1988 1040 2059 do
1063 1986 1192 2063 arcain
1222 1986 1266 2058 do
1281 1985 1383 2074 Gall,
1405 1986 1448 2057 do
1472 1986 1574 2082 rigal
1590 1986 1681 2073 Dia,
1702 1989 1902 2069 7Patraic

317 2107 441 2207 forro,
453 2124 516 2184 luc
528 2109 660 2186 Guillu
671 2109 895 2183 darmur'rco
910 2132 951 2181 ro
965 2106 1354 2209 gabraainnrisorru,
1371 2133 1436 2183 con
1446 2112 1539 2183 erlur'
1555 2110 1591 2183 ln
1608 2109 1670 2211 lli,
1684 2136 1766 2186 coro
1780 2114 1899 2188 morb-

319 2249 381 2309 sat
397 2233 521 2309 Goidr'l
538 2230 607 2330 for
625 2235 689 2306 tir.
744 2232 811 2305 Da
828 2255 907 2306 mac
926 2231 1087 2304 Lorcuin
1105 2255 1161 2304 mc
1180 2231 1441 2308 Dunnchadlru
1459 2233 1502 2304 do
1532 2232 1660 2307 mardls
1678 2237 1721 2308 do
1738 2238 1899 2334 Congnl·

321 2356 402 2429 luclr
430 2376 507 2426 mac
522 2350 824 2448 Maelmhithiglr.
880 2353 1132 2428 Maelmoclla
1162 2352 1391 2426 aircindeuclr
1421 2353 1542 2428 Cluun
1561 2355 1695 2428 Iraird
1710 2382 1740 2454 q.
1761 2356 1897 2432 Cluuia

318 2500 397 2549 nanc
411 2478 490 2549 nois
507 2477 550 2548 do
567 2475 710 2548 indruit
727 2475 770 2546 do
787 2471 951 2548 Gemrtid
966 2473 1070 2547 Atto
1088 2474 1214 2563 cliallr,
1235 2485 1258 2555 7
1278 2475 1461 2551 Celldaru.
1514 2475 1693 2576 [Dunum
1716 2491 1899 2556 vastatum

319 2602 366 2674 ab
384 2600 623 2698 Alienigenis,
644 2599 746 2695 quod
764 2597 972 2672 vindicavit
987 2598 1102 2687 Deus,
1130 2609 1167 2671 et
1186 2596 1377 2686 Patricius,
1411 2597 1637 2672 adducentes
1655 2600 1897 2701 Alienigenas

318 2749 339 2799 e
354 2722 516 2821 partibus
535 2720 794 2810 transmarinis,
823 2721 887 2816 qui
905 2719 974 2795 sibi
991 2721 1276 2795 vindicaverunt
1294 2721 1438 2795 Insulas
1456 2745 1592 2810 eorum,
1613 2735 1651 2797 et
1673 2727 1899 2824 expulerunt

320 2848 473 2945 Regem,
499 2868 608 2942 quem
626 2843 848 2921 occiderunt
875 2843 1031 2916 Hiberni
1059 2843 1219 2942 regionis
1251 2843 1368 2918 istius:
1423 2845 1512 2919 Duo
1544 2845 1608 2920 filii
1638 2846 1807 2938 Lorcani,
1829 2850 1897 2929 fiiil
2019 2908 2022 2911 .

319 2969 558 3056 Dunnchadi,
593 2967 707 3042 occisi
739 2990 802 3065 per
821 2966 1092 3064 Congallacum
1121 2965 1239 3041 filium
1269 2963 1582 3064 Maelmhithighi.
1639 2967 1893 3046 Maelmochta

300 3092 539 3192 ·Praepositus
569 3089 855 3165 Cloonardensis
882 3087 1033 3184 quieuit.
1109 3088 1398 3169 Ctuanmacnois
1439 3101 1583 3163 vastata
1617 3114 1639 3162 a
1676 3091 1891 3173 Gentilibus

318 3215 502 3304 Dublinii,
525 3228 562 3288 et
580 3213 776 3306 Kildaria]

317 3341 387 3419 fin·
418 3335 641 3427 mutelli,
666 3337 712 3410 al.
731 3339 767 3420 11
784 3337 840 3416 iil.
894 3337 976 3411 Kal.
994 3336 1079 3410 lan.
1111 3336 1204 3411 Lun.
1225 3336 1305 3410 xxi.
1359 3336 1523 3410 Roiniud
1543 3334 1613 3435 sor
1645 3337 1762 3413 Gallu
1795 3341 1898 3414 locha

315 3460 426 3536 Cauri
441 3485 482 3536 re
498 3461 745 3551 Lellrcallrail,
766 3460 787 3534 i.
801 3486 835 3558 q.
855 3484 948 3558 pene
966 3485 1037 3534 om.
1055 3459 1167 3535 deleti
1193 3486 1220 3533 s.
1273 3459 1522 3533 Murcertoclr
1542 3485 1619 3534 nme
1635 3462 1751 3553 Nelll,
1774 3465 1811 3537 ·i·
1826 3490 1892 3541 na·

315 3588 431 3659 cocall
446 3586 589 3676 croicin,
610 3586 646 3657 ri
659 3585 779 3686 Allig,
800 3597 822 3665 7
837 3583 975 3658 Js'ctoir
992 3585 1129 3657 iurtair
1146 3581 1285 3672 Be7lro,
1308 3580 1478 3655 donrarllr
1494 3584 1538 3654 do
1552 3581 1716 3658 Genntil
1734 3613 1768 3685 p.
1785 3613 1845 3662 ma
1861 3586 1886 3664 f.

313 3893 571 3971 (1)1VMngien-i
592 3893 629 3951 ad
652 3913 719 3953 ann.
732 3900 804 3962 939,
828 3893 895 3950 huic
909 3892 1138 3970 respondentem,
1161 3889 1354 3967 inquiunt—⁴‘
1370 3887 1551 3946 Murcodlucl
1573 3890 1602 3950 lo
1627 3891 1811 3952 dlurcerlocll
1834 3917 1895 3957 mae

311 3997 334 4025 ‘⁴
351 3989 431 4048 Neill
442 4009 474 4047 co
487 3997 547 4047 lluc
558 3989 667 4064 orgnirs,
681 3993 699 4052 7
715 3989 794 4046 edula
812 3989 894 4046 ionrel
917 4007 935 4046 o
958 3986 1044 4044 ltinsib
1067 3986 1145 4052 Gall,
1171 3984 1217 4042 ίαν
1235 3981 1350 4040 mbrer'ld
1373 3983 1489 4053 bundles
1515 3986 1750 4060 7corgoir.-Ar
1761 3987 1834 4051 Gall
1855 3993 1890 4051 do

309 4092 332 4123 ⁴⁸
347 4086 413 4145 cdor
425 4086 452 4142 ln
462 4084 516 4141 lun
532 4082 638 4159 Fadge,
652 4083 682 4139 ‘i’
697 4083 725 4139 ln
738 4082 756 4139 lr
770 4081 929 4160 Aimls'rgin
951 4101 1011 4139 mac
1032 4080 1188 4139 cronacum
1202 4084 1219 4143 7
1235 4079 1263 4135 lo
1276 4077 1355 4135 Cinel
1373 4077 1508 4136 Piacdocl
1523 4080 1887 4147 carmentariorum

308 4188 331 4218 “
345 4182 373 4241 li
383 4181 475 4257 muigl
485 4179 536 4237 ciri
548 4175 724 4235 unt-cad
737 4175 962 4254 raor'nneaddsor
974 4176 1122 4235 Gramion
1137 4175 1213 4233 Atta
1225 4172 1320 4241 cliatls,
1334 4175 1378 4231 ria
1390 4193 1408 4230 u
1424 4172 1486 4230 sibl
1497 4171 1594 4249 Failge
1614 4175 1644 4231 ·i·
1656 4176 1700 4235 rr'c
1713 4197 1731 4235 n
1747 4179 1887 4265 Aimirgisr

312 4283 332 4315 “
345 4297 406 4336 mac
415 4274 567 4334 Cionuelda
580 4273 702 4330 liccerno
717 4291 752 4329 ua
766 4269 903 4349 Fsailgde,
917 4271 954 4329 du
965 4271 1113 4330 illorcdoir
1125 4271 1188 4328 mile
1200 4271 1235 4327 do
1249 4266 1379 4326 Gollns'lls
1403 4269 1439 4325 im
1461 4266 1541 4324 Aodi
1561 4288 1579 4326 a
1599 4270 1741 4331 Albunuclt
1755 4294 1787 4338 co
1802 4278 1885 4342 roise-

312 4381 331 4411 ‘⁸
345 4370 599 4431 enuntiandam
612 4366 805 4425 molluromls.''
812 4364 930 4442 [Classis
940 4364 1055 4425 ductas
1069 4365 1274 4424 Murcertacbo
1289 4363 1347 4420 fitio
1359 4362 1457 4430 Neitli,
1468 4374 1592 4441 reportat
1603 4369 1726 4442 praedam
1735 4370 1888 4454 ingentem,

308 4483 339 4530 et
353 4469 453 4544 spolia,
467 4485 504 4524 ex
518 4463 619 4523 insulis
631 4464 835 4532 Ebudensibus,
850 4469 913 4539 post
923 4472 1018 4539 partas
1039 4461 1180 4528 victorius,
1201 4469 1234 4521 ‚et
1258 4457 1387 4535 gloriam.
1428 4458 1539 4536 Strages
1560 4461 1789 4538 Alienigenarum
1811 4467 1888 4532 facts

310 4562 510 4642 pcrO'Faiios,
521 4561 541 4619 i.
551 4580 577 4620 e.
592 4577 642 4636 per
652 4557 829 4633 Amirginum
845 4557 935 4614 filium
948 4555 1100 4624 Kennetbi,
1114 4566 1143 4618 et
1156 4574 1206 4634 per
1225 4554 1385 4621 clientelam
1400 4554 1552 4624 Piacbach,
1563 4558 1610 4633 qui
1626 4558 1794 4621 occiderunt
1810 4569 1887 4623 1200

311 4677 410 4716 eorum
425 4657 455 4713 in
468 4673 570 4731 campo
581 4653 649 4712 cisi.
691 4652 824 4710 Praelium
836 4664 920 4710 atrox
938 4661 1040 4711 contra
1055 4650 1237 4727 Alienigenus
1253 4651 1383 4708 Dublinii
1396 4669 1447 4728 per
1467 4650 1608 4720 O'Falios,
1627 4652 1647 4710 i.
1659 4671 1683 4710 e.
1698 4673 1750 4730 per
1765 4658 1888 4735 Amirgi·

308 4771 379 4810 num
393 4751 481 4807 filium
496 4749 647 4820 Kennethi,
663 4748 823 4825 Principem
844 4748 893 4824 Hy
908 4747 1002 4816 Fuliae,
1016 4747 1046 4804 in
1059 4765 1116 4824 quo
1125 4746 1211 4806 occisi
1225 4757 1291 4808 sunt
1305 4747 1383 4808 mille
1395 4746 1638 4822 Alienigenarum,
1649 4765 1715 4807 cum
1733 4751 1818 4817 Aedo
1833 4755 1886 4822 Al·

305 4849 443 4920 barrense,
456 4855 486 4906 et
495 4860 562 4905 cum
578 4842 707 4905 Ducibus
713 4843 843 4922 plurimis
856 4841 1016 4922 praterea]

1075 4943 1106 4999 u
1120 4959 1143 4998 u
