4446 6000
776 555 1038 623 ANRALES
1079 545 1482 620 nnnontmns.
1822 522 1921 619 nli

344 764 452 839 super
469 763 529 814 eos
541 739 648 813 Bran
666 737 782 813 filiurn
791 737 948 811 Faelani.
987 731 1179 808 Kenethns
1199 730 1297 805 filius
1311 730 1437 818 Neilli‚
1457 729 1522 803 filii
1541 729 1647 818 Aedi,
1658 729 1858 828 jugulatus
1872 744 1929 807 est

344 866 391 937 ab
408 861 700 939 Ultoniensibus.
754 860 925 935 Vastatio
951 858 1080 933 Midiae
1107 881 1170 954 per
1202 854 1382 941 Niallum,
1414 853 1477 949 qui
1496 852 1701 927 combussit
1731 877 1848 949 usque
1879 852 1927 927 nd

345 990 496 1060 domum
518 983 818 1061 Maelchonochi.
875 979 1123 1068 Cumuscaclr,
1145 978 1241 1051 filius
1258 977 1453 1074 Oengusii‚
1481 977 1656 1050 AEdituus
1675 976 1827 1051 Cluanae
1844 1002 1927 1053 mac

345 1109 434 1196 nois,
456 1107 621 1181 moritur.
677 1105 848 1180 Vastatio
867 1105 1000 1192 Fernae,
1029 1114 1067 1177 et
1084 1103 1236 1176 Cluanae
1255 1124 1364 1189 more,
1386 1101 1548 1177 civitatis
1563 1101 1598 1174 S.
1612 1099 1851 1192 Moedhochi,
1865 1125 1929 1201 per

346 1231 526 1305 Gentiles.
583 1229 842 1303 Commutatio
857 1227 1048 1300 Abbatiim
1068 1225 1107 1297 in
1122 1223 1344 1315 Ardmachn,
1366 1225 1387 1298 i.
1402 1251 1431 1299 e.
1462 1225 1649 1298 Forinnan
1666 1225 1713 1298 de
1732 1223 1931 1299 Rathinai·

343 1355 445 1430 halas
477 1354 669 1427 inlocum
698 1349 885 1424 Diarmitii
918 1348 1126 1441 suffectus]
1176 1349 1345 1423 Eclaidt
1363 1373 1441 1423 mac
1461 1349 1621 1445 Congalt
1654 1372 1720 1421 rex
1750 1356 1929 1446 nepotum

343 1480 378 1550 T
376 1479 500 1563 uirtri,
522 1490 544 1555 7
562 1476 656 1551 Cain
675 1473 1056 1568 Cormac[C0rmacus
1072 1473 1205 1567 bonus]
1220 1472 1395 1570 Princeps
1410 1472 1781 1567 CiueDumacglinn‚
1805 1482 1828 1551 7
1839 1470 1928 1544 alia-

344 1626 425 1672 rum
450 1600 656 1684 civitatum,
693 1598 858 1670 moritur.
931 1597 1177 1670 Murcertnclt
1205 1620 1284 1669 mac
1316 1592 1533 1691 Gornrgaile
1563 1596 1730 1670 moritur.
1786 1594 1931 1695 Fergur

344 1746 422 1794 ntae
433 1723 663 1808 Bodbltcada,
685 1744 750 1792 rex
767 1720 902 1815 Cairge
914 1718 1159 1809 Brachaidlte,
1170 1719 1366 1818 jugulatus
1381 1731 1437 1790 est
1450 1742 1473 1789 a
1490 1718 1795 1792 Muimnenribun
1826 1718 1931 1792 Mors

344 1846 559 1941 Dunadaig,
578 1870 633 1918 mc
649 1843 821 1918 Semelam
841 1844 937 1940 regis
954 1842 1007 1915 H.
1024 1843 1205 1939 Ft‘dgenti.
1257 1843 1421 1915 Loscadlt
1449 1841 1702 1937 [combustio]
1720 1840 1866 1919 Cluana
1880 1866 1935 1916 mc

345 1968 488 2056 Cunois,
505 1992 573 2070 pro
589 1968 703 2041 tercia
713 1983 816 2066 parte
834 1969 902 2055 sui,
922 1967 963 2038 11
986 1967 1117 2039 Nonas
1148 1966 1286 2039 Martii.
1342 1967 1477 2040 Losent
1493 1965 1712 2064 Mungairit
1729 1979 1751 2046 7
1771 1968 1930 2041 alenaile

341 2097 444 2167 ceall.
465 2092 865 2169 irmumenoGenntib.
909 2092 1082 2191 Orggain
1101 2092 1244 2165 Dromo
1260 2093 1396 2188 Huing
1424 2117 1443 2164 o
1470 2090 1635 2166 Gallnib.
1688 2091 1927 2188 [combustio

213 2314 214 2317 Ἴ
345 2217 566 2290 Monasterii
592 2217 813 2314 Mungairit‚
851 2215 961 2289 hodie
1006 2215 1288 2310 Monntgarret,
1326 2227 1364 2286 et
1407 2213 1648 2310 plurimarum
1680 2213 1930 2305 Feclesiarum

345 2338 605 2413 Occidentalis
623 2337 826 2410 Momoniae
849 2360 913 2434 per
940 2336 1122 2409 Gentiles.
1178 2334 1398 2409 Devastntio
1416 2335 1565 2408 Dromoe
1586 2337 1722 2434 Huing
1737 2339 1785 2410 ab
1802 2338 1927 2414 alieni·

346 2459 482 2558 genie]
1241 2527 1244 2533 .

346 2583 415 2660 Ἅι.
443 2580 538 2659 mitt
555 2601 619 2668 m
637 2590 676 2661 lt.
725 2580 889 2657 Suibltne
906 2606 984 2654 mac
1010 2580 1035 2657 J
1038 2576 1160 2677 osepli,
1181 2577 1250 2652 Ab.
1267 2577 1409 2654 Glinne
1432 2579 1478 2652 da
1495 2580 1609 2669 locha,
1636 2580 1798 2681 &orgus
1816 2608 1930 2684 nepos

347 2704 547 2794 Cuimtedn
565 2705 626 2778 Ab
637 2704 866 2801 Dermaiglti‚
887 2703 1095 2779 Forburaclt
1110 2702 1194 2799 Epa,
1213 2711 1237 2781 7
1247 2700 1595 2792 AncoritnLuscan‚
1617 2728 1744 2779 omnes
1761 2702 1931 2783 defuncti

344 2844 388 2904 st.
417 2830 600 2927 Dunlang
624 2854 702 2903 mac
741 2829 974 2926 Catkuraiglt
1007 2827 1183 2924 Princeps
1225 2825 1406 2924 Coreaige
1437 2829 1547 2902 moire
1585 2827 1725 2924 [Abbas
1756 2828 1932 2930 Corcngii

345 2953 483 3051 magni,
499 2952 610 3029 hodie
629 2952 769 3046 Corke]
792 2950 947 3025 moritur
964 2950 1044 3023 sine
1057 2949 1331 3038 communione,
1353 2950 1393 3022 in
1408 2949 1531 3024 Caini!
1545 2974 1685 3049 regum.
1739 2951 1880 3037 Gabai!
1891 2953 1930 3026 in

346 3077 552 3176 Dairtigei
575 3077 652 3152 Cill
666 3079 767 3165 dara,
774 3074 852 3173 sor
868 3074 1055 3150 Forirtdan
1070 3072 1131 3146 Ab
1156 3098 1180 3147 n
1206 3075 1462 3165 Aerdmacltae,
1481 3100 1520 3149 co
1537 3076 1684 3148 ramadlt
1702 3074 1862 3149 Patraic
1875 3078 1930 3149 ol·

344 3200 466 3290 claena,
485 3204 523 3273 la
541 3199 757 3274 Feidlimidl
768 3223 808 3272 co
820 3198 918 3286 cath,
937 3209 960 3279 7
975 3198 1014 3270 in
1027 3199 1103 3270 driu
1121 3207 1146 3277 7
1156 3222 1198 3270 ro
1212 3198 1355 3296 galila
1371 3200 1475 3272 icact
1485 3198 1708 3274 conantium
1725 3197 1924 3297 aloitsriu.

344 3323 521 3398 Dermait
539 3327 582 3398 do
597 3327 663 3398 dul
674 3347 716 3396 eo
730 3323 945 3400 Connactta
960 3346 994 3394 c.
1009 3321 1091 3417 lege
1107 3331 1131 3401 7
1145 3319 1293 3393 vexillis
1312 3319 1474 3395 Patricii.
1531 3320 1737 3397 Cealddara
1752 3326 1795 3398 do
1813 3348 1928 3423 orgg·

343 3449 403 3520 azir
418 3450 461 3521 do
477 3447 676 3523 Genntibo
695 3447 818 3521 inblir
832 3446 969 3534 Deaae,
987 3452 1011 3523 7
1027 3467 1068 3517 ro
1083 3444 1205 3516 loscad
1216 3468 1239 3515 a
1260 3444 1325 3516 leit
1341 3466 1389 3516 na
1404 3444 1497 3517 cille.
1518 3444 1712 3539 [Violenta
1729 3447 1929 3545 occupatio

344 3569 382 3642 N
387 3569 565 3643 osocomii
582 3569 860 3668 peregrinorum
873 3566 1060 3655 Kildariae,
1079 3579 1210 3641 contra
1221 3566 1487 3641 Porindanium
1502 3566 1688 3642 Abbatem
1699 3568 1928 3644 Ardmncha·

342 3716 444 3778 num,
465 3717 552 3765 cum
577 3691 869 3788 congregatione
895 3689 993 3763 Cleri
1009 3689 1260 3765 Ardmachani
1278 3689 1456 3779 similiter,
1477 3715 1540 3786 per
1558 3690 1684 3780 Fefim,
1703 3705 1743 3764 et
1758 3691 1929 3765 Praelium

344 3810 517 3884 intereos
535 3826 692 3910 gestum,
722 3825 761 3884 et
779 3812 927 3909 plurimi
946 3812 1056 3908 capti,
1074 3835 1118 3884 ac
1136 3812 1322 3884 vulnerati
1351 3813 1390 3884 in
1418 3811 1554 3908 praelio,
1575 3835 1622 3883 ex
1639 3825 1797 3908 utraque
1813 3824 1924 3910 parte.

345 3930 551 4007 Dermitius
567 3931 757 4031 profectus
774 3947 831 4006 est
851 3933 1080 4006 Connaciam
1097 3959 1182 4006 cum
1201 3933 1282 4031 lege
1307 3944 1346 4006 et
1373 3933 1522 4007 vexillis
1541 3933 1705 4007 Patricii.
1760 3932 1929 4007 Kildarin

343 4066 487 4127 vastata
505 4078 527 4126 a
542 4053 761 4127 Gentilibus
778 4053 1016 4130 venientibus
1031 4081 1079 4131 ex
1096 4057 1248 4131 flumine
1268 4056 1359 4146 Dea,
1373 4055 1505 4154 (hodie
1520 4054 1586 4129 the
1604 4054 1751 4147 Rotae)
1767 4067 1806 4129 et
1822 4078 1924 4129 com·

342 4176 542 4250 bussernnt
578 4175 773 4250 dimidium
807 4176 1017 4272 Ecclesia]
1056 4179 1211 4280 Coirpre
1226 4202 1305 4252 mac
1322 4177 1520 4253 Maelduin
1545 4199 1611 4251 rex
1629 4176 1755 4251 Locha
1770 4177 1926 4256 Galhor

337 4300 537 4400 jugulatus
567 4314 626 4374 est
650 4324 671 4374 0
695 4298 787 4398 [per]
806 4297 1047 4389 Maelcernai,
1086 4313 1110 4382 7
1129 4302 1348 4378 Maelcema
1360 4301 1558 4401 jugulatus
1583 4313 1678 4376 esto
1700 4303 1792 4402 [per]
1820 4304 1924 4380 θοίν-

339 4426 430 4524 priu
462 4425 501 4498 in
535 4424 662 4499 eadem
692 4421 792 4506 hora,
828 4437 867 4496 et
891 4422 1028 4497 mortui
1059 4439 1149 4498 sunt
1174 4423 1285 4498 ambo
1309 4425 1349 4501 in
1376 4450 1454 4502 una
1485 4438 1607 4500 nocte.
1662 4426 1786 4500 Prima
1811 4425 1924 4524 preda

345 4741 391 4812 (ε)
411 4743 430 4773 ‘⁸
446 4699 548 4799 eant
561 4741 846 4803 obtumescere
860 4744 1028 4821 equonimui
1047 4744 1231 4818 minatensis,
1247 4743 1417 4804 nram
1430 4745 1564 4804 comite
1588 4743 1725 4822 Princeps
1738 4742 1922 4825 rimini

342 4843 372 4893 et
385 4835 484 4896 aliar?
498 4837 554 4896 &n
568 4836 661 4896 Codes
673 4836 802 4900 clarata.
813 4847 864 4910 49.

1081 4940 1102 4989 E
1111 4955 1125 4990 e
1136 4944 1153 4991 2
