4446 6000
758 558 1001 621 nunnuns
1037 547 1408 624 utuousuusns.
1844 539 1875 624 5

302 739 372 835 3711.
399 773 468 833 tttt
483 758 518 839 u
532 755 583 831 it.
612 753 693 828 Kal.
707 755 730 829 J
735 782 792 829 au.
811 758 859 831 iv.
877 758 942 832 fer.
962 760 1038 831 lun.
1060 758 1122 831 vii.
1177 759 1341 861 Primum
1371 756 1509 831 bellum
1537 756 1791 832 Airdacorann
1822 759 1881 834 ria

301 879 493 975 laighnib.
553 878 866 972 [Ard·cora11euse
883 896 1028 980 gestum
1047 908 1069 955 a
1086 878 1407 980 huguitisnsibus]
1463 880 1616 980 Anglici
1640 895 1824 957 venerunt
1841 882 1881 959 iu

301 1002 490 1100 Angliam.
514 1004 576 1098 (l)

299 1126 369 1202 fin.
395 1144 466 1201 tm
482 1128 517 1209 u
530 1132 567 1202 u.
601 1125 682 1197 Kal.
696 1125 720 1199 J
724 1151 781 1198 an.
796 1126 843 1199 vi.
858 1125 922 1199 fer.
936 1128 1013 1200 lun.
1029 1129 1133 1201 xviii.
1202 1129 1366 1201 Hilarius
1381 1128 1454 1226 Eps
1469 1129 1574 1201 Rom.
1592 1127 1694 1202 Eccl.
1711 1139 1880 1215 mortuus

300 1260 365 1336 est,
385 1248 450 1342 qui
480 1246 641 1346 possedit
660 1248 885 1321 Kathcdtam
905 1250 1003 1322 Petri
1023 1251 1073 1322 vii
1092 1250 1207 1338 annis,
1250 1263 1289 1322 et
1318 1251 1505 1325 mensibus
1523 1250 1650 1338 tribus,
1690 1264 1728 1322 et
1748 1250 1879 1326 diebus

223 1399 228 1407 ·
300 1393 337 1441 x.
389 1369 598 1468 Simplicius
619 1369 821 1458 ordinatus,
850 1370 914 1465 qui
941 1371 1038 1444 sedit
1063 1372 1225 1462 annisu,
1253 1373 1398 1446 duobus
1421 1373 1617 1462 mensibus,
1645 1384 1684 1446 et
1712 1398 1788 1447 uno
1805 1372 1878 1448 die.

299 1490 432 1588 Eogun
450 1515 527 1564 mac
541 1492 650 1566 Neill
666 1503 836 1564 mortuus
850 1505 914 1566 est.
943 1494 1007 1588 (2)

299 1617 369 1691 un.
394 1633 467 1689 tm
484 1617 518 1697 u
537 1615 586 1691 hi.
618 1613 699 1684 Kal.
713 1614 737 1685 J
741 1637 798 1686 an.
810 1614 871 1685 vii.
888 1613 952 1687 fer.
967 1616 1044 1689 lun.
1066 1620 1174 1688 xxix.
1223 1617 1439 1691 Ravennam
1452 1617 1644 1691 civitatem
1660 1629 1879 1697 terremotus

300 1735 467 1808 destruit.
521 1737 757 1829 Domnngart
773 1759 850 1807 mac
866 1736 915 1810 N
914 1738 977 1810 issi
990 1738 1142 1832 quievit.
1166 1739 1228 1835 (3)

297 1860 366 1935 ao.
393 1876 463 1932 tttt
479 1860 513 1941 11
532 1857 597 1935 hii.
641 1856 723 1927 Kal.
742 1855 827 1928 Jan.
846 1856 868 1929 i.
890 1856 953 1930 fer.
973 1859 1049 1932 lun.
1071 1860 1114 1934 ie.
1201 1863 1318 1945 Quies
1347 1863 1507 1961 Benigni
1540 1863 1620 1960 Epi.
1651 1854 1879 1940 Successoris

296 1979 419 2053 Pricii.
443 1980 504 2072 (4)
552 1979 649 2054 Cena
664 1980 699 2052 T
694 1979 974 2054 emralaHam.
990 1983 1103 2056 Molt.
1143 1981 1325 2076 [Comitia
1345 1985 1878 2084 TemerensiahabitaaRege

296 2103 412 2176 Alillo
424 2103 554 2197 Motu]
612 2105 671 2176 Sic
687 2103 727 2175 in
745 2103 840 2176 libro
857 2102 1011 2178 Cuanac
1027 2105 1163 2179 inveni.
1186 2106 1247 2202 (5)
1299 2109 1376 2182 Bas
1396 2109 1525 2203 [mors]
1541 2109 1877 2207 ViterPendragen

298 2227 396 2324 regis
407 2227 556 2324 Angue,
574 2226 636 2299 cui
649 2226 828 2299 successit
842 2227 940 2300 filius
958 2252 1046 2300 suus
1060 2229 1223 2325 tongi
1235 2232 1369 2304 αἰτίαν.
1401 2231 1441 2326 [i.
1451 2255 1480 2304 e.
1493 2232 1575 2305 Rex
1582 2230 1797 2326 Atthurus.]
1812 2231 1878 2326 (6)

296 2353 365 2429 fito
384 2369 453 2427 tttt
470 2353 504 2435 11
521 2351 600 2427 otiu
620 2350 701 2422 Kal.
716 2350 799 2422 Jan.
818 2349 853 2422 ii.
870 2348 933 2423 fer.
955 2351 1032 2423 lun.
1051 2352 1131 2425 xxi.
1187 2351 1382 2427 Liseranus
1397 2354 1481 2452 Eps.
1503 2355 1669 2428 moritur.
1693 2354 1755 2451 (7)
1791 2355 1876 2429 Bel·

296 2475 375 2547 tum
400 2476 540 2548 numu
565 2475 684 2548 Aeno
711 2471 1064 2573 ·1·f0r02·unnu
1101 2474 1141 2569 [i.
1155 2498 1184 2548 e.
1204 2455 1335 2550 contri
1348 2477 1505 2552 ouum
1523 2478 1633 2570 nnn,
1661 2502 1786 2577 regem
1803 2479 1875 2552 ut-

295 2597 463 2692 berniae].
495 2598 554 2671 Sic
573 2597 701 2671 inveni
719 2597 759 2670 in
777 2598 873 2671 libro
889 2596 1053 2672 Cuanac.

168 2781 171 2784 ,
293 2721 364 2799 βπ.
391 2738 460 2797 tttt
478 2724 513 2816 It·
527 2723 575 2806 it.
604 2722 687 2797 Kal.
699 2721 784 2794 Jan.
803 2719 852 2793 iv.
866 2718 930 2793 fer.
952 2721 1029 2793 lun.
1051 2720 1087 2794 ii.
1130 2723 1202 2797 Vel
1219 2725 1304 2801 Fen
1321 2727 1449 2802 Temra
1467 2730 1503 2800 lu
1521 2728 1748 2804 liniuMolt
1783 2725 1878 2822 [Co-

294 2843 401 2947 mitia
416 2841 654 2913 Temorensia
669 2839 798 2911 habita
813 2841 859 2912 ab
878 2842 994 2914 Olillo
1014 2844 1145 2937 Motu]
1167 2845 1241 2920 hoc
1259 2873 1370 2938 anno,
1392 2850 1511 2922 utalii
1530 2850 1674 2924 dicunt.

292 2964 363 3041 βπ.
389 2980 460 3037 tttt
478 2964 547 3044 1η.
576 2960 657 3033 Kal.
677 2960 762 3033 Jan.
781 2985 815 3032 v.
833 2958 897 3033 fer.
914 2961 991 3033 lun.
1010 2962 1089 3034 xiii.
1153 2967 1380 3042 FeisTemra
1415 2974 1451 3042 lo
1476 2973 1584 3045 Hoilc
1611 2975 1708 3062 nult,
1741 2981 1785 3046 ut
1810 2970 1876 3046 atii

292 3089 438 3162 dicunt.
500 3083 682 3180 [Comitia
698 3085 938 3161 Temorensia
954 3085 1081 3159 habita
1098 3085 1145 3159 ab
1161 3085 1278 3160 Olillo
1296 3090 1427 3184 Moit]

291 3407 451 3481 Racruidh,
466 3410 515 3469 filii
530 3405 916 3487 Kathaioi-Moighmeodiin,
938 3404 988 3466 filii
1002 3402 1344 3465 Muireudkaich-Hreoch
1358 3407 1538 3468 consentiunt
1550 3429 1658 3468 omnes.
1699 3409 1809 3467 Patruo
1822 3428 1874 3467 sno

292 3505 401 3577 Niollo,
412 3509 441 3566 in
454 3518 572 3565 externo
583 3505 658 3565 bello
667 3517 769 3566 contra
781 3507 925 3564 Romanos
936 3502 1135 3561 succumbenti
1145 3503 1295 3559 suffectum
1309 3501 1395 3561 fuisso
1408 3507 1485 3562 Ann.
1501 3504 1540 3562 D.
1549 3510 1619 3575 405,
1642 3511 1672 3561 et
1690 3522 1818 3581 regnasse
1828 3522 1875 3562 us·

290 3623 350 3680 que
364 3604 400 3660 ad
414 3623 480 3660 ann.
493 3603 532 3666 D.
542 3609 612 3672 428,
633 3621 690 3677 quo
700 3603 726 3659 ei
739 3603 876 3659 successit
888 3600 1035 3676 Laugaire,
1049 3617 1086 3655 ex
1097 3597 1217 3655 Dissert.
1232 3598 1353 3656 Praelim.
1368 3599 1546 3657 manifestum
1561 3610 1614 3658 est.

294 3699 343 3772 (l)
365 3697 470 3773 Angb'o
488 3716 545 3754 uon
555 3698 677 3766 videtur,
692 3716 726 3755 eo
740 3698 856 3754 nomine
871 3696 1016 3771 designata
1030 3712 1118 3769 usque
1132 3695 1169 3752 ud
1183 3694 1268 3769 Regis
1281 3694 1383 3769 Edgari
1399 3706 1538 3771 tempora.
1580 3695 1707 3752 Saxones
1719 3695 1756 3751 ab
1772 3692 1871 3770 Anglis

290 3789 502 3850 discriminandi
515 3801 590 3862 sunt,
600 3791 658 3849 vid.
669 3810 755 3868 supra
764 3812 830 3851 ann.
839 3798 909 3860 434,
921 3801 951 3846 et
962 3789 1080 3847 Dissert.
1092 3789 1214 3848 Ptaelim.
1229 3790 1265 3845 ad
1280 3808 1347 3848 anu.
1355 3794 1425 3857 435,
1436 3802 1467 3847 et
1481 3789 1550 3846 Bed.
1560 3788 1579 3846 Ι.
1592 3796 1618 3858 1,
1633 3808 1660 3849 c.
1675 3793 1721 3857 15,
1743 3808 1773 3846 n.
1782 3795 1832 3857 39.

294 3887 342 3959 (3)
356 3887 465 3943 Hilaire
478 3905 496 3942 a
509 3898 575 3943 tenu
588 3885 614 3941 ie
629 3885 712 3960 Siege
726 3886 761 3941 do
776 3887 879 3955 Rome,
892 3881 913 3942 6
926 3903 986 3951 ans,
995 3891 1013 3942 3
1023 3884 1104 3953 mois,
1114 3896 1144 3940 et
1153 3891 1174 3952 9
1183 3885 1276 3959 jonis,
1285 3884 1389 3961 jusque
1402 3904 1440 3942 au
1449 3892 1483 3943 21
1499 3884 1534 3941 de
1544 3884 1658 3941 Fevrier
1670 3884 1707 3940 de
1721 3884 1788 3941 l'an.
1802 3879 1873 3946 460.
1942 3959 1947 3968 Ι

292 3980 352 4037 Art
365 3979 397 4035 de
414 3981 520 4055 ven'ficr
534 3980 572 4035 les
585 3979 685 4048 Datos,
699 3990 720 4037 t.
735 3988 760 4049 1,
775 4000 804 4055 p.
816 3985 885 4038 335.
928 3980 1041 4038 Desunt
1054 3979 1083 4035 in
1096 3978 1170 4038 Cod.
1184 3980 1262 4037 Clar.
1272 3986 1323 4048 49,
1336 3997 1399 4053 quae
1414 3979 1461 4037 hic
1474 3981 1616 4040 habentur
1630 3978 1666 4036 de
1679 3977 1795 4052 Engano
1801 3976 1870 4052 filio

294 4073 387 4145 Nem,
401 4093 488 4149 aquo
504 4073 529 4129 Τ
528 4074 555 4129 ir
565 4073 789 4149 Rogant-hodie
805 4075 925 4142 Τίνωκς
948 4087 978 4132 et
992 4073 1071 4131 Iunis
1083 4075 1190 4150 Eogou,
1202 4075 1286 4131 hodie
1296 4073 1456 4134 Inislwzten.

293 4172 344 4243 (3)
368 4170 479 4226 Desunt
492 4169 552 4224 haec
563 4169 600 4226 de
614 4169 800 4242 Domangart,
814 4169 884 4227 ibid.
924 4171 992 4228 Vid.
1007 4179 1067 4226 not.
1078 4172 1114 4227 ad
1125 4171 1202 4227 hunc
1216 4189 1283 4226 ann.

290 4265 341 4338 (4)
365 4266 438 4345 vids
451 4265 581 4340 Catalog.
595 4264 761 4340 Episcopor.
776 4264 951 4322 Ardntacuu.
966 4266 995 4321 in
1007 4266 1189 4340 Appendice3
1212 4275 1242 4322 et
1256 4272 1317 4321 not.
1329 4264 1367 4320 ud
1379 4281 1446 4320 ann.
1460 4269 1530 4332 493.
1628 4330 1632 4339 Ι

291 4362 340 4432 (5)
364 4361 504 4418 Mendose
516 4361 546 4417 in
560 4360 631 4418 Cod.
646 4359 725 4417 Clar.
735 4366 786 4429 49,
800 4364 821 4393 “
832 4361 933 4417 Praeda
944 4360 1079 4418 Temaliae
1093 4378 1160 4416 cunt
1174 4359 1263 4416 Alillo
1277 4359 1336 4415 filio
1350 4358 1501 4416 Fnthachii
1516 4358 1727 4421 Mumedonii.''
1767 4358 1813 4416 De
1836 4355 1871 4415 li·

290 4456 342 4512 bro
353 4454 464 4516 Cuuuoc
475 4455 538 4512 vide
553 4455 671 4513 Dissont.
683 4455 805 4514 Praelim.
847 4455 903 4512 Pro
917 4454 992 4511 Ceno
1005 4453 1103 4511 Yemra
1115 4454 1172 4510 vid.
1185 4455 1255 4513 Not.
1264 4456 1300 4511 ad
1314 4473 1381 4512 ann.
1395 4459 1454 4512 454
1468 4473 1564 4530 supra.

291 4546 341 4623 (6)
362 4550 467 4607 Confer
489 4549 629 4606 Caradoci
646 4551 888 4608 Lancorvonensis
905 4550 954 4608 vit.
971 4548 1064 4606 Gildoe
1085 4569 1112 4608 c.
1128 4555 1176 4607 21.
1228 4548 1349 4607 Obitum
1363 4549 1455 4621 Uteri,
1469 4563 1499 4609 et
1511 4549 1626 4608 initium
1648 4547 1768 4607 Arthuri
1782 4545 1870 4605 refert

291 4644 391 4702 Usset.
403 4645 438 4701 nd
453 4664 519 4703 unu.
532 4651 601 4713 508,
613 4643 752 4703 Primord.
767 4666 796 4721 p.
806 4642 877 4714 464,
892 4639 948 4707 567
952 4649 1028 4712 ·8·9.
1071 4644 1138 4703 Vid.
1149 4654 1209 4704 not.
1220 4645 1257 4703 od
1271 4645 1347 4704 hunc
1361 4665 1429 4705 ann.

290 4737 340 4808 (7)
362 4743 381 4770 “
393 4739 533 4796 Isernitoe’'
569 4739 642 4797 Cod.
656 4740 733 4798 Clar.
747 4748 798 4809 49,
819 4752 848 4798 et
864 4751 950 4799 recte.
993 4740 1163 4797 Lossnromu
1186 4741 1271 4812 enim,
1294 4743 1393 4799 Abbas
1417 4737 1635 4816 Iathglenensis
1660 4741 1737 4792 1500
1762 4736 1870 4795 Mona·

289 4833 411 4895 chorum
424 4834 518 4902 Pater,
534 4834 602 4891 vixit
616 4844 744 4911 tempore
758 4836 896 4892 Cumeani
910 4836 1030 4893 Abbatis
1043 4835 1167 4904 Hionsis‚
1181 4836 1295 4895 Saeculo
1318 4836 1365 4894 vii.
1392 4835 1459 4890 Vid.
1474 4843 1542 4889 noto
1563 4832 1600 4888 od
1624 4849 1691 4889 ann.
1704 4836 1867 4898 439-570

288 4920 501 4992 -631-639.
542 4929 596 4985 Sod
607 4931 764 5004 praesertim
778 4941 874 4988 notam
888 4933 925 4988 sd
936 4950 1002 4990 ann.
1013 4939 1084 5001 439,
1103 4935 1179 4990 undo
1192 4939 1305 4989 constat
1317 4929 1464 4996 lsernium,
1489 4928 1538 5003 qui
1552 4925 1704 5002 aliquando
1720 4926 1865 4984 lserninus

291 5021 507 5088 othserninus,
521 5031 551 5077 et
564 5022 686 5080 Serenus
695 5025 866 5100 appellatur,
881 5027 984 5088 obiisse
992 5046 1068 5088 anno
1080 5024 1151 5096 469.
1192 5026 1239 5084 De
1260 5024 1365 5083 eodum
1385 5021 1543 5101 videplura
1563 5023 1593 5083 in
1614 5022 1690 5084 Bibl.
1702 5021 1866 5081 Hibernium

290 5111 393 5186 Cotton
407 5115 475 5175 MS.
484 5115 516 5176 in
528 5115 670 5176 stonense
682 5116 777 5180 Vitat.
790 5120 830 5182 D.
840 5121 891 5182 vii.
