4446 6000
270 514 344 616 90
711 532 975 611 haurias
1004 530 1404 598 annouransaa.

271 721 310 795 in
329 719 519 794 Hibernia.
571 716 748 791 Obsessio
767 715 842 788 Avi
858 715 981 803 Limri,
1013 712 1078 785 tilii
1102 713 1259 810 Cairpri.
1313 712 1338 785 J
1344 709 1512 809 ngulatio
1529 708 1680 787 Caninii
1697 706 1887 817 Gaiam-i*

271 841 311 914 in
330 841 530 916 Granaret.
590 841 842 934 [Posterorum
877 835 1027 911 Carbrei
1058 835 1158 933 apud
1187 834 1386 926 dianam]
1810 838 1813 843 ’

272 965 341 1041 sstt.
369 963 493 1046 mtttl
510 963 551 1040 ti.
604 962 708 1035 Mors
728 958 874 1058 Affi‘ice
889 960 1118 1032 dominatrix
1148 959 1240 1033 Cille
1259 959 1369 1029 dairc.
1425 957 1568 1030 Bellum
1584 956 1851 1056 Dainrdergin

273 1110 350 1179 quo
368 1083 504 1159 cecidit
522 1085 678 1181 Drangai
694 1109 748 1157 mc
768 1084 907 1159 Flairm
925 1082 960 1154 ri
990 1080 1095 1182 [rex]
1129 1078 1209 1152 Cal.
1230 1077 1374 1174 Fergus
1390 1104 1444 1151 mc
1461 1078 1573 1170 Ostic,
1602 1083 1853 1159 Innrecbtach

271 1230 385 1303 nepos
402 1207 570 1304 Canaigh
589 1208 711 1281 victor
728 1221 815 1281 erat.
870 1206 974 1277 Mors
1006 1204 1163 1279 Carnona
1194 1200 1338 1297 nepotis
1370 1200 1525 1275 Ciarain
1543 1202 1702 1278 Abbatis
1727 1206 1850 1283 Rech-

270 1331 406 1402 rainae.
463 1331 609 1403 Bellum
623 1327 896 1424 Seretbmaigbe
918 1328 956 1399 in
971 1351 1045 1423 quo
1062 1325 1200 1398 cecidit
1217 1325 1300 1396 Aea
1316 1325 1477 1398 Aldrlain
1503 1350 1582 1399 orac
1601 1323 1780 1425 Fergaile,
1811 1344 1852 1409 et

271 1451 468 1525 Cirnucacb
483 1478 560 1526 mac
575 1453 785 1541 Concobair,
818 1455 852 1525 ri
883 1476 931 1524 na
948 1451 1126 1539 niarther,
1163 1451 1244 1543 [rex
1262 1450 1525 1543 orientalium]
1547 1465 1584 1525 et
1604 1452 1763 1530 aroenae
1793 1480 1851 1531 mc

271 1573 430 1661 Conlaic,
455 1601 519 1649 rex
554 1589 732 1674 nepotum
763 1576 984 1663 Crcmthain,
1020 1588 1059 1647 et
1087 1574 1271 1647 Murcdac
1295 1595 1349 1644 mc
1371 1571 1537 1668 Fergusa
1562 1571 1750 1666 Forcraid,
1783 1601 1850 1653 rex

270 1712 449 1794 nepotum
467 1701 625 1773 Tairtri.
663 1700 808 1773 Bellum
829 1698 926 1771 inter
955 1720 1003 1771 ua
1027 1696 1161 1768 Maiae
1178 1709 1215 1767 et
1234 1717 1282 1767 aa
1300 1693 1651 1771 FiachrachAidue.
1707 1699 1856 1783 ibellum

269 1818 394 1916 Luirg
411 1821 507 1894 inter
525 1847 573 1895 ua
592 1848 617 1895 n
633 1824 781 1896 Aillello
798 1825 977 1920 [posteros
995 1817 1134 1911 Ailelli]
1151 1831 1189 1890 et
1211 1816 1247 1892 G
1253 1818 1419 1913 aillcago.
1476 1819 1558 1894 Hec
1577 1833 1740 1917 quatuor
1756 1823 1856 1900 bella

268 1965 363 2037 pene
380 1943 419 2015 in
434 1969 510 2016 una
523 1957 638 2017 estate
657 1943 820 2041 perfecta
848 1956 947 2016 sunt.
1003 1941 1080 2016 Lex
1114 1941 1257 2040 nepotis
1289 1940 1466 2038 Soanaig.
1492 1940 1554 2038 (l)
1591 1943 1854 2043 Concenirrgia

275 2063 606 2162 [Concennafilia]
647 2068 811 2143 Cellaicb
854 2067 1023 2142 Caalarm
1056 2066 1225 2138 moritur.
1261 2063 1323 2161 (2)
1382 2063 1585 2161 iugulatio
1627 2066 1851 2146 Duibdoitre

270 2187 367 2281 regis
391 2204 569 2285 nepotum
595 2191 741 2264 Britain.
797 2190 916 2289 Affiat
947 2189 1072 2263 Abbas
1097 2189 1302 2286 blaigibil.
1363 2186 1618 2264 Commutatio
1652 2190 1853 2268 Martirum

269 2307 307 2380 T
302 2333 386 2382 rcna
401 2313 481 2384 cille
504 2314 675 2410 Deilgge,
700 2329 738 2387 et
754 2315 792 2386 in
810 2313 969 2410 bolgacb.
995 2311 1159 2408 [morbus
1176 2311 1337 2408 bolgacb,
1359 2310 1381 2383 i.
1397 2336 1426 2385 e.
1448 2311 1684 2412 Cardiogma,
1701 2315 1761 2389 vel
1775 2316 1853 2390 Va·

268 2429 397 2524 riola]
417 2434 477 2529 (3)
499 2435 700 2510 Donrbncll
713 2462 790 2511 mac
801 2438 969 2514 Murcba
984 2460 1137 2533 regnare
1156 2435 1302 2532 incipit.

268 2555 336 2631 aa.
363 2556 440 2634 bct
455 2562 491 2642 tl
507 2560 563 2637 iil.
620 2560 644 2633 J
650 2561 819 2657 uguiatio
838 2559 1071 2656 Laidggneia
1089 2558 1155 2631 filii
1172 2558 1415 2657 Doirrcnnaig,
1435 2558 1619 2659 Episcopi,
1638 2572 1677 2634 et
1695 2561 1854 2636 Abbatia

266 2674 447 2773 Saigbre..
462 2680 667 2754 Dombnatl
684 2683 721 2753 in
739 2682 914 2755 clericatu
938 2684 1081 2755 iterum.
1109 2683 1133 2756 J
1139 2682 1307 2779 ugulatio
1326 2682 1490 2757 Colmain
1509 2682 1683 2782 Episcopi
1699 2664 1854 2759 Leraairi

269 2802 473 2875 laatuirtri.
522 2807 558 2900 [a
583 2803 887 2899 Turtriensibus.]
945 2806 1088 2879 Bellum
1108 2806 1246 2896 Cliacb,
1273 2807 1312 2879 in
1330 2831 1405 2902 quo
1424 2805 1563 2880 cecidit
1587 2807 1777 2882 Concobar
1792 2809 1854 2882 dia

266 2923 328 2996 aib
355 2923 538 3025 bidgeati.
584 2929 745 3023 [occisus
765 2956 787 3003 a
808 2930 1080 3028 Fidgentibus.]
1138 2931 1282 3004 Bellum
1300 2930 1450 3003 Ailiain
1481 2931 1648 3019 dabracb,
1698 2931 1737 3003 in
1775 2956 1852 3026 quo

264 3050 353 3125 ceci.
373 3051 572 3128 Dabdadoa
602 3078 680 3128 mac
697 3055 921 3151 Mairgailc‚
956 3058 1002 3128 da
1028 3080 1119 3128 aura
1137 3054 1306 3150 Ceallaig
1342 3053 1688 3149 Cualan[Praelium
1719 3054 1851 3128 insulae

265 3175 362 3249 filius
394 3176 545 3250 duaram
562 3178 774 3265 vitularum,
806 3177 844 3249 in
863 3202 939 3273 quo
958 3177 1096 3252 cecidit
1131 3177 1339 3251 Dubdados
1374 3177 1677 3277 Murgaliifilius,
1712 3190 1751 3251 et
1777 3177 1854 3253 duo

268 3297 427 3396 Cellagii
447 3299 601 3390 Cuaian,
640 3299 754 3397 Regis
771 3299 945 3397 Lageniae
963 3299 1046 3395 filii]
1073 3302 1110 3374 ·i·
1124 3300 1262 3376 Catbal
1284 3316 1322 3376 et
1342 3304 1457 3376 Ailill
1486 3300 1673 3377 interfecti
1703 3316 1856 3380 sunt-

270 3620 317 3693 (Ι)
343 3620 479 3677 Notanda
506 3629 572 3676 aunt
598 3637 670 3693 quae,
697 3620 801 3685 saeculo
820 3619 865 3677 viii
880 3620 1042 3693 inchoante,
1064 3621 1205 3679 Druidum
1218 3621 1328 3697 legibus
1341 3621 1492 3697 abrogatis,
1517 3623 1547 3679 in
1571 3622 1731 3680 Annalibus
1753 3619 1855 3679 nostris

264 3717 368 3792 passim
382 3717 536 3773 traduntur
554 3717 588 3773 de
599 3714 717 3791 Legibus
731 3714 999 3776 Sanctorum-Sic
1013 3718 1049 3775 ad
1061 3739 1128 3777 ann.
1142 3722 1160 3780 7
1164 3725 1204 3776 20
1218 3723 1238 3751 “
1254 3716 1403 3774 Immeaucb
1415 3717 1575 3793 Religiosus
1591 3718 1687 3795 Iegem,
1701 3736 1767 3775 com
1781 3736 1855 3794 pace

265 3813 381 3881 Christi,
396 3831 481 3888 super
496 3812 615 3870 insulam
630 3812 767 3870 Hibernia
781 3814 1018 3873 constituit.''—-“
1031 3814 1087 3872 Lea
1098 3815 1220 3873 Patricii
1229 3813 1414 3889 peficieada’'
1428 3826 1603 3871 memoratur
1616 3815 1652 3871 ad
1663 3833 1771 3872 annum
1784 3818 1856 3883 738,

265 3921 294 3967 et
319 3919 421 3986 postea
435 3911 471 3967 ad
485 3928 590 3967 annum
606 3905 675 3971 736.
698 3914 717 3942 ‘⁴
732 3909 790 3966 Lea
803 3908 925 3967 Patricii
936 3909 1029 3969 tenuit
1045 3910 1306 3969 Hibcmiam.”·-“
1326 3908 1383 3965 Lea
1397 3909 1502 3983 arpotis
1516 3907 1658 3985 Saanaig”
1680 3917 1858 3967 memoratur

265 4006 301 4063 ad
326 4025 392 4065 ann.
404 4010 564 4069 742.--“
581 4006 639 4064 Lea
658 4005 757 4064 Cirani
780 4006 841 4081 filii
865 4008 1001 4083 artfficid'
1033 4010 1069 4064 ad
1092 4027 1158 4065 ann.
1173 4012 1243 4076 743,
1282 4010 1302 4038 “
1317 4005 1376 4061 Lea
1394 4003 1656 4061 brendaniainrad'
1680 4005 1716 4061 ad
1735 4003 1858 4061 eundem

265 4120 382 4161 annum.
433 4107 451 4135 ‘⁸
468 4104 526 4160 Lea
553 4104 628 4160 Avia
650 4102 814 4174 Saaaaicc,''
837 4104 873 4160 ad
887 4123 993 4161 annum
1008 4108 1079 4172 747,
1094 4104 1266 4160 bac-Haec
1291 4102 1388 4158 omnia
1412 4101 1572 4157 Doctorum
1595 4099 1856 4174 investigationibus

265 4198 443 4271 derelinquo.
475 4200 680 4258 Habitaiuisse
698 4201 766 4258 olim
787 4200 816 4256 in
843 4200 982 4257 Hibernia
1002 4200 1126 4277 plurima
1145 4199 1267 4256 concilia
1280 4199 1316 4254 ad
1340 4196 1529 4254 Ethnicorum
1548 4215 1639 4253 mores
1652 4194 1854 4262 reformandos,

264 4291 467 4348 adhortandos
482 4293 658 4352 Druidarum
671 4298 740 4353 ritus
753 4297 905 4366 tollendos,
930 4308 1015 4373 atque
1030 4297 1066 4353 ad
1081 4298 1293 4371 componendas
1308 4312 1390 4350 acres
1405 4291 1467 4347 illas
1481 4293 1516 4347 de
1537 4291 1677 4348 Paschate
1697 4288 1857 4347 contentio·

263 4408 312 4446 nes
322 4408 392 4465 qurrs
412 4386 491 4444 Beda
503 4401 650 4456 memorat,
666 4391 782 4447 minime
797 4390 984 4449 dubitandum
998 4402 1050 4448 est.
1085 4391 1196 4448 Horum
1208 4392 1357 4448 Canonum
1385 4386 1509 4462 amplam
1531 4385 1621 4444 edidit
1646 4382 1854 4443 Collectionem

263 4483 442 4541 D’Acbcriua
454 4484 485 4540 in
506 4481 669 4560 spicilegio,
696 4495 725 4542 et
753 4487 890 4560 quosdam
914 4489 1121 4562 antiquissimos
1144 4487 1240 4544 notavi
1263 4484 1291 4540 in
1313 4482 1484 4539 Bibliotheca
1506 4480 1654 4538 Hibernico
1675 4476 1855 4549 Cottoaiana,

263 4581 329 4638 MS.
345 4582 373 4639 in
385 4582 534 4639 Stowense.
577 4579 724 4656 Synodum
736 4579 961 4649 Lechlcnienaem‚
975 4581 1101 4638 habitam
1122 4601 1197 4639 anno
1211 4577 1281 4648 630,
1296 4598 1382 4655 supra
1398 4578 1553 4636 memoravi
1575 4576 1605 4634 in
1630 4582 1699 4634 nota
1724 4573 1761 4630 ad
1785 4591 1853 4633 ann.

263 4670 334 4744 638,
348 4696 384 4733 ex
398 4674 548 4734 Cnnrmiani
560 4677 688 4753 Epistula
697 4677 732 4733 ad
745 4674 905 4749 Segienum.
948 4677 1022 4732 Vide
1035 4678 1117 4751 plura
1131 4676 1204 4733 infra
1212 4675 1247 4731 ad
1262 4695 1328 4734 ann.
1342 4680 1412 4744 747,
1424 4687 1454 4732 et
1473 4679 1544 4739 777.

263 4764 309 4843 (⁶2)
335 4772 392 4828 Hic
406 4783 448 4829 est
475 4774 551 4834 idem
565 4772 702 4831 Ceailach
715 4771 826 4829 Cualan
840 4771 904 4827 Rex
915 4771 1044 4846 Lagonia
1061 4774 1097 4830 de
1112 4791 1169 4847 quo
1182 4790 1267 4848 supra
1279 4772 1309 4828 in
1323 4782 1382 4828 not.
1396 4771 1431 4827 ad
1445 4791 1510 4828 ann.
1524 4774 1596 4833 733.

264 4868 311 4942 (3)
335 4870 354 4899 “
368 4865 509 4943 botgaffl
532 4868 655 4930 variolae.
695 4869 769 4930 Vide
782 4866 904 4928 O'Bricn
918 4868 1027 4929 Vocab.
1044 4867 1166 4927 Hibera.
1177 4874 1207 4926 et
1221 4866 1357 4944 Ltaayaii
1370 4866 1611 4943 Archaeologiam.
