4446 6000
647 579 1090 649 aanornrronas
1132 578 1205 640 ao
1246 577 1520 642 sorrentu.
1739 544 1834 659 '171

268 766 288 796 “
309 764 419 822 Tenent
437 763 589 822 Wallensea
601 765 745 841 indigenae
768 764 838 821 illud
857 763 988 820 volumen
1003 760 1238 837 pretiosissimum
1259 763 1286 818 in
1302 760 1546 834 conjurationibus
1569 759 1637 826 suis,
1658 775 1711 815 noc
1733 757 1839 814 audent

267 870 286 899 ‘⁴
300 869 426 942 apperire
435 870 469 924 ad
482 869 645 938 videndum,
655 888 709 927 nec
722 868 891 925 confirmant
904 883 1004 942 pacem
1013 873 1041 921 et
1052 863 1206 920 amicitiam
1222 865 1297 922 inter
1308 867 1449 932 inimicos,
1460 864 1510 921 nisi
1524 863 1593 919 illud
1607 863 1691 918 luerit
1702 861 1840 936 imprimis

267 976 285 1003 ¹⁴
307 972 499 1046 appositum.”
508 974 551 1044 (l)
591 974 735 1031 Successit
748 975 773 1029 ei
787 972 815 1028 in
831 970 937 1028 Schola
947 969 1191 1025 Llancarvanense
1207 965 1368 1050 Brmdapus
1382 968 1524 1042 Findlogae
1538 965 1620 1031 filius,
1635 965 1670 1020 de
1684 983 1741 1039 quo
1752 981 1838 1039 supra

265 1074 360 1131 notavi
384 1080 403 1107 ‘⁴
419 1076 507 1132 Artes
519 1075 657 1132 Liberuloa
670 1077 699 1132 in
714 1075 821 1132 Schola
839 1075 977 1130 Rossensc
993 1073 1021 1128 in
1037 1072 1176 1129 Hibernia
1199 1073 1383 1148 praelegisse.”
1393 1076 1438 1144 (Q)
1482 1073 1570 1128 Extat
1582 1078 1692 1126 vetusta
1708 1064 1839 1123 Maclalt‘

263 1177 341 1246 Vita,
354 1178 429 1234 edita
440 1197 459 1234 a
472 1179 599 1236 Lelando
610 1199 646 1236 ex
659 1179 732 1234 libro
746 1178 800 1234 Bili
815 1177 929 1244 Levitae,
941 1182 989 1245 (3)
1004 1175 1033 1231 in
1047 1195 1103 1250 qua
1117 1175 1277 1232 erdoaua
1290 1175 1452 1252 appellatur
1473 1179 1493 1206 “
1510 1172 1666 1231 Brindanus
1679 1181 1838 1244 praeceptor

261 1277 394 1336 Machuti
418 1281 446 1336 in
466 1282 638 1338 nobilissimo
661 1283 844 1337 Nantcarvan
867 1279 1077 1338 Monosterio.'’
1127 1280 1233 1337 Eadem
1263 1289 1358 1336 narrat
1379 1282 1408 1335 in
1432 1279 1505 1336 Hist.
1522 1277 1603 1336 Eccl.
1619 1275 1729 1348 fleury,
1752 1274 1836 1340 lat,

264 1401 292 1441 n.
310 1391 355 1452 14,
365 1403 393 1460 p.
405 1387 473 1446 507.
523 1390 542 1417 “
554 1383 582 1440 S.
598 1383 689 1449 Malo,
704 1403 742 1440 ou
760 1383 900 1450 ΜιιιΙοιι,Ι
912 1380 1026 1440 nommh
1049 1384 1121 1440 aussi
1144 1383 1273 1448 Muclus,
1295 1383 1342 1441 *lut
1365 1380 1443 1441 elevh
1457 1402 1509 1458 par
1520 1383 1548 1440 le
1563 1384 1591 1439 S.
1603 1383 1685 1438 Abbe
1697 1376 1836 1445 Breadan,

263 1484 379 1542 lamoux
390 1504 485 1561 parsu
497 1488 619 1556 science,
643 1498 672 1544 et
683 1506 714 1543 aa
724 1487 835 1545 vortu.''
873 1487 1057 1543 concordant
1071 1486 1232 1543 Mobillonii
1248 1488 1332 1554 Acta,
1347 1496 1367 1542 t.
1381 1493 1407 1553 l,
1431 1506 1459 1562 p.
1473 1492 1549 1544 223.

303 1590 415 1644 Auctor
428 1587 502 1646 ¹Vitae
516 1587 546 1647 S.
560 1587 682 1646 Calliroe
696 1591 762 1646 anni
779 1595 864 1657 1040,
876 1608 973 1665 quam,
985 1608 1022 1645 ex
1037 1590 1208 1646 membranis
1225 1589 1391 1646 Monosterii
1410 1589 1440 1648 S.
1453 1588 1575 1646 Huberti
1590 1588 1617 1644 in
1639 1587 1783 1655 Ardenna,
1795 1584 1838 1643 N.

264 1685 406 1758 Fosoniur,
421 1689 499 1746 istius
509 1691 678 1748 ¹lllonasterii
701 1693 808 1760 Abbas,
824 1692 982 1766 descripsit,
992 1693 1027 1748 de
1041 1692 1146 1749 Schola
1161 1691 1363 1748 Ardmachana
1373 1692 1525 1768 inquit-‘⁴
1537 1691 1648 1748 Cadroe
1661 1689 1836 1755 adolescens,

264 1793 283 1822 ‘⁸
305 1791 450 1849 Hiberniae
474 1794 661 1871 Metropolim
678 1797 753 1872 apud
770 1793 974 1863 Ardmacham,
988 1797 1030 1865 (tl)
1051 1795 1079 1850 io
1093 1794 1211 1869 pristino
1227 1793 1448 1869 Disciplinarum
1465 1795 1575 1852 lllusaeo
1589 1814 1618 1850 se
1632 1793 1755 1860 inclusit,
1781 1809 1836 1848 non

263 1898 282 1926 ⁴⁶
305 1896 409 1951 veritus
432 1910 495 1971 post
514 1898 656 1972 Dogmata
679 1897 794 1964 Divina,
809 1898 966 1954 mundanas
991 1896 1098 1955 litteras
1119 1915 1255 1971 quarere,
1279 1906 1311 1952 ut
1331 1897 1373 1953 bis
1392 1897 1516 1954 lucidius
1527 1898 1668 1963 elimatus,
1677 1912 1747 1970 quae
1769 1891 1838 1948 olim

264 1999 284 2029 “
306 1998 405 2055 melius
419 2011 512 2074 posset
531 2001 696 2058 examinata
710 1999 851 2075 prolerre.
893 1999 1047 2057 instruitur
1060 1999 1166 2076 itaque,
1192 2010 1222 2058 et
1245 2019 1365 2069 coaevos,
1390 2000 1664 2075 contubernalesque
1676 2015 1742 2054 suos
1751 1995 1837 2070 longa

261 2106 280 2136 “
301 2106 464 2179 precellens,
483 2105 680 2182 ¹‘Gymnasium
705 2105 862 2181 sapientiae,
901 2104 963 2180 ipsa
990 2106 1130 2174 ductrice,
1158 2106 1315 2181 angulatim
1342 2109 1541 2182 percurrebat.
1593 2104 1672 2173 Quid
1698 2102 1836 2159 ultrei-

263 2213 282 2241 ‘⁴
304 2208 391 2277 Quod
414 2211 502 2266 Poeta
523 2209 636 2277 cecinit,
651 2209 806 2265 reorum
823 2207 906 2275 dixit,
925 2208 1061 2283 quidquid
1083 2209 1274 2283 Philosophus
1288 2212 1461 2286 excogitavit
1483 2221 1627 2287 expertus,
1652 2207 1721 2265 nibil
1745 2207 1837 2282 ipsum

262 2316 282 2346 “
304 2312 384 2387 sugit.
422 2313 573 2387 ¹Quidquid
590 2330 718 2379 numero,
731 2329 872 2379 mensura,
892 2312 1026 2384 pondere,
1041 2319 1132 2376 tactu,
1146 2321 1175 2368 et
1189 2312 1300 2381 auditu,
1314 2330 1332 2368 a
1345 2331 1487 2388 quoquam
1501 2313 1666 2386 vestigatum
1677 2320 1729 2387 est,
1740 2307 1838 2377 ebibit,

260 2419 281 2447 “
303 2424 331 2471 et
346 2416 476 2471 ultimum
488 2418 638 2471 Astrorum
651 2414 779 2470 occultos
790 2422 909 2479 tractus,
923 2423 954 2468 et
967 2430 1075 2479 cursus,
1091 2414 1171 2470 radio
1182 2414 1293 2472 doctius
1308 2416 1418 2490 AEgino,
1433 2414 1616 2490 designavit”
1638 2413 1684 2484 (5)

304 2515 423 2585 Balatro,
448 2517 476 2573 in
493 2517 619 2573 Historia
630 2516 796 2573 Academiae
815 2515 987 2584 Parisiensis,
1007 2517 1100 2592 inquit
1112 2517 1140 2575 J.
1151 2516 1267 2574 Scotum
1285 2518 1446 2594 bigenem,
1460 2520 1560 2575 Artem
1584 2513 1727 2573 Musicani
1746 2509 1835 2569 tradi·
1874 2542 1876 2548 ·

263 2619 335 2675 disse
360 2619 481 2688 Parisiis,
512 2621 596 2696 idque
621 2621 796 2678 demonstrat
821 2642 859 2679 ex
883 2623 968 2678 reteri
994 2622 1147 2690 Chronico,
1186 2626 1206 2655 “
1228 2623 1260 2678 ln
1276 2620 1443 2689 Dialectica,
1467 2619 1630 2686 Musicaet
1650 2612 1835 2674 Arillmetica

263 2728 282 2755 “
306 2722 413 2797 legente
430 2723 560 2780 iohanne
578 2725 714 2790 Monaco,
727 2725 787 2779 rito
801 2725 954 2780 acutissimi
981 2721 1309 2800 ingenii.”(b)-Wood,
1330 2725 1360 2780 in
1385 2723 1513 2782 Historia
1539 2720 1702 2780 Academiae
1722 2717 1835 2775 Oxoni·

263 2827 346 2894 ensis,
361 2826 398 2881 de
414 2827 515 2882 eodem
533 2826 635 2901 inquit,
650 2831 669 2858 “
681 2828 717 2882 ab
741 2827 862 2884 Allredo
878 2827 954 2900 Rege
975 2828 1003 2883 in
1028 2826 1140 2901 Logico,
1154 2827 1277 2896 Alarico,
1299 2843 1328 2886 et
1351 2829 1537 2887 Aritlmetlca
1549 2825 1736 2883 constitutum
1751 2819 1835 2880 tuisse

263 2927 470 2985 Oxoniensium
484 2928 719 3004 Pneceptorem.”
768 2929 841 2986 Eum
861 2940 956 2987 autom
972 2931 1122 2991 conlundit
1140 2950 1206 2990 cum
1220 2930 1276 2988 alio
1290 2930 1432 3000 Jobanne,
1455 2943 1486 2987 ut
1499 2929 1567 2987 alibi
1584 2925 1700 3003 patebit.
1742 2927 1835 2981 Anao

264 3031 609 3100 tatiusBibliothccarius,
637 3031 665 3087 in
691 3031 816 3107 Epistola
837 3035 873 3090 ad
896 3032 1029 3090 Carolum
1057 3033 1175 3092 Calvum
1202 3037 1375 3093 Francorum
1399 3035 1516 3110 Regem,
1541 3033 1647 3108 scripta
1673 3046 1747 3087 anno
1763 3030 1832 3094 875,

263 3141 283 3170 “
299 3137 463 3194 Mirandum
486 3147 539 3204 cst,
559 3136 660 3211 inquit,
674 3135 816 3210 quomodo
830 3136 872 3192 vir
886 3135 934 3194 ille
949 3139 1094 3206 barbarus,
1104 3140 1163 3215 qui,
1178 3139 1314 3215 infinibus
1329 3139 1423 3196 mundi
1437 3138 1557 3215 positus,
1572 3136 1680 3211 quortto
1690 3134 1726 3189 ab
1744 3128 1835 3186 homi·

263 3243 283 3273 ‘¹
307 3240 387 3296 nibus
409 3239 629 3304 conversatione,
659 3249 738 3294 tauto
761 3238 839 3295 credi
864 3239 957 3314 potuit
982 3240 1099 3298 alterius
1124 3243 1226 3317 linguae
1247 3244 1371 3299 dictione
1389 3243 1568 3317 longinquus,
1597 3239 1665 3295 talia
1685 3235 1835 3293 intellectu

263 3346 283 3375 ‘⁶
305 3361 419 3418 capere,
445 3343 471 3398 in
500 3342 643 3417 aliamque
665 3343 787 3416 linguam
811 3341 963 3400 transferre
977 3343 1108 3411 valuerit,
1132 3343 1285 3402 Jollonnem
1300 3345 1381 3402 ianua
1400 3343 1605 3419 Scaligenam.”
1617 3343 1659 3412 (7)
1713 3325 1717 3332 ,

311 3446 500 3505 Delohanne
525 3446 659 3521 Erigere,
681 3464 794 3522 prorsus
818 3446 929 3504 diverso
954 3466 972 3504 a
993 3447 1126 3505 lobanne
1150 3447 1233 3505 Dans
1255 3447 1348 3519 Scato,
1381 3448 1558 3507 consulenda
1580 3457 1623 3503 est
1646 3441 1763 3518 Dupinii
1787 3438 1836 3496 Bi·

263 3551 414 3620 bliotheca,
443 3563 471 3608 et
501 3547 613 3606 Natalis
636 3547 795 3606 Alexandri
819 3549 957 3618 Historia,
989 3551 1120 3628 Itemque
1146 3553 1289 3611 Nicolail
1324 3554 1451 3630 Epistola
1474 3553 1511 3610 ad
1545 3549 1680 3609 Carolum
1702 3545 1834 3608 Calvum,

264 3653 412 3709 Hincmari
441 3650 608 3708 Rhentensis
629 3649 736 3708 *liberi
759 3653 795 3708 de
822 3654 1084 3725 praedestinatione,
1104 3666 1133 3713 ct
1160 3659 1328 3734 praesertim,
1353 3670 1382 3715 et
1406 3675 1463 3734 prae
1487 3655 1628 3720 omnibus,
1664 3645 1837 3705 consulenda

260 3764 304 3813 est
320 3755 491 3810 'Dissertatio
506 3753 540 3807 do
554 3751 684 3809 lohanne
696 3751 799 3819 Scuto,
814 3756 848 3809 ad
866 3757 975 3812 calcem
989 3759 1089 3832 prioris
1102 3759 1254 3817 voluminis
1269 3761 1365 3818 eximii
1384 3759 1487 3836 Operis
1511 3751 1684 3814 celeberrimi
1705 3745 1836 3813 Arnaldi,

264 3855 313 3912 cui
328 3855 427 3911 titulus
451 3860 470 3886 “
487 3851 808 3928 Pepetuitddelul'oi?'
849 3858 934 3925 Quod
960 3859 982 3913 si
998 3861 1108 3917 nullum
1128 3863 1157 3917 in
1181 3863 1306 3919 medium
1330 3865 1413 3919 allero
1438 3878 1546 3936 possem
1569 3867 1714 3914 auctorem
1727 3851 1835 3905 Hiber·
1921 3918 1924 3923 Ι

261 3975 341 4024 oum,
366 3968 471 4032 prater
486 3957 562 4011 bunc
578 3956 738 4030 Erigonam,
757 3959 835 4016 solus
849 3964 977 4036 quidem,
990 3964 1026 4020 ad
1043 3984 1088 4032 ea,
1108 3983 1173 4040 quae
1186 3965 1323 4024 hactenus
1337 3966 1373 4022 de
1388 3965 1578 4020 Hibemorum
1591 3953 1744 4031 disciplinis
1757 3952 1836 4007 dicta

261 4069 337 4129 suut,
351 4057 553 4126 confirmanda,
568 4058 716 4128 sufficeret,
737 4059 931 4120 narnensem
944 4067 1019 4123 enim
1034 4067 1135 4135 fuisse,
1149 4087 1200 4125 suo
1215 4069 1279 4124 loco
1290 4067 1405 4142 patebit.

275 4354 319 4418 (1)
336 4352 546 4405 caradoc-iuvita
556 4352 770 4410 Gilda-edalo,
790 4353 1151 4422 Balenallarprleldfflitaeaa,
1173 4358 1343 4407 Tiamatlrenaa'r
1365 4360 1388 4407 iu
1411 4359 1467 4408 Vita
1484 4357 1586 4413 Cadaei,
1609 4364 1634 4404 et
1657 4355 1733 4403 Utaar.
1754 4351 1832 4398 Indc¹

278 4433 393 4483 Chroool.
406 4450 461 4497 pag.
474 4439 547 4488 tw,
559 4441 583 4481 at
597 4433 714 4483 Primord.
725 4450 779 4498 pap.
787 4438 844 4485 869.
870 4435 964 4485 nouem
971 4446 1089 4501 tempore,
1112 4440 1223 4488 Petraoat
1233 4439 1345 4495 Camber,
1358 4441 1591 4502 uareuiario·ragno
1601 4438 1693 4507 relicto,
1711 4435 1736 4481 5¹1
1747 4432 1834 4480 Hibe*

278 4513 319 4560 nia
331 4515 477 4562 Liberalibus
489 4516 618 4575 disciplinis
629 4515 736 4562 eruditus
747 4527 791 4564 eat.
803 4516 860 4563 ibid.
870 4527 895 4564 ct
907 4516 1023 4566 Tiamatlr.
1035 4519 1059 4565 in
1072 4519 1128 4567 Vita
1140 4520 1244 4572 Petroci,
1256 4521 1328 4567 Balaer'
1339 4520 1469 4584 Scriptores
1480 4531 1543 4568 cent.
1553 4525 1575 4573 1,
1586 4535 1608 4566 e.
1616 4522 1657 4565 60.

268 4592 320 4655 ,(2)
338 4593 740 4656 uiuesupaamae1,pag.-1ua.
837 4599 880 4659 (tt)
894 4594 1100 4648 -lalanrt-cottea.
1112 4610 1129 4647 t.
1142 4606 1166 4654 2,
1179 4604 1267 4663 pado.

280 4670 324 4733 (4)
338 4671 401 4719 Vide
414 4676 499 4720 Annal.
514 4674 591 4720 Uuon.
603 4690 659 4720 ann.
671 4678 729 4729 rat,
739 4692 792 4738 pag.
805 4682 859 4730 111,
868 4687 892 4724 ot
902 4679 985 4725 Annot.
998 4685 1020 4733 1,
1032 4695 1102 4742 supra
1112 4697 1135 4743 p.
1149 4685 1203 4735 tto,
1215 4690 1238 4728 et
1251 4681 1287 4729 [V
1299 4682 1435 4745 ungatur.
1448 4697 1501 4728 anu.
1528 4682 1596 4725 1162·

283 4750 328 4810 (5)
345 4751 400 4797 Vita
411 4750 512 4799 Vetusta
522 4753 619 4800 Gatheai
631 4754 655 4800 iu
671 4754 737 4802 Actis
751 4756 842 4802 Bened.
851 4758 910 4804 Saec.
919 4759 943 4812 ⁵,
956 4773 979 4820 p.
988 4763 1046 4815 480,
1058 4770 1082 4807 et
1093 4761 1152 4808 Sanc.
1161 4766 1184 4816 6,
1196 4778 1219 4825 p.
1230 4767 1269 4815 28,
1288 4763 1343 4808 item
1356 4763 1420 4824 apud
1434 4760 1614 4809 Hensclreniom,
1636 4760 1660 4800 et
1670 4751 1759 4799 calmet
1771 4747 1833 4796 Hiat.

281 4832 312 4878 de
325 4831 436 4877 Lorraine
449 4831 464 4876 l.
477 4835 515 4885 19,
528 4848 551 4879 u.
560 4837 601 4886 67,
614 4849 637 4895 p.
649 4840 720 4882 1011,
819 4837 861 4898 (6)
880 4836 941 4885 Hist.
950 4837 1027 4886 Acad.
1041 4839 1117 4896 Paris,
1128 4851 1146 4889 t.
1160 4848 1183 4898 1,
1201 4856 1224 4904 p.
1234 4847 1288 4897 102,
1300 4845 1323 4897 3,
1335 4847 1359 4897 4,
1372 4846 1426 4895 100,
1439 4844 1492 4892 104,
1505 4843 1560 4890 att,
1570 4840 1619 4884 tta
1630 4843 1655 4882 et
1665 4837 1721 4879 011.

276 4910 321 4970 (7)
336 4911 425 4971 Sylloge
437 4909 511 4970 Epist.
523 4916 562 4964 21,
574 4927 597 4972 ρ.
608 4915 647 4965 65,
659 4915 719 4962 hanc
732 4914 862 4978 Epistolaua
875 4916 984 4966 Usseriua
995 4935 1120 4985 perperam
1132 4922 1205 4970 refert
1215 4923 1246 4970 ad
1258 4937 1344 4970 auuum
1355 4924 1409 4970 805.
1422 4914 1703 4969 tractandarum.
1715 4910 1777 4960 llist.
1790 4907 1832 4956 tol.

281 4990 340 5038 edit.
353 4989 419 5037 Paria
430 4993 501 5038 1699.
513 4998 569 5038 lom.
582 4995 605 5046 0,
617 5006 641 5055 p.
652 4995 709 5042 ³60.

945 5084 989 5136 22
