4446 6000
318 521 417 617 180
691 537 1128 604 annorssronns
1170 536 1245 599 sn
1284 488 1563 602 assensn.

313 730 390 787 inter
402 727 512 786 somnia
525 723 732 785 amandandum
746 742 807 780 esse
822 720 982 799 persuadet.
1023 718 1083 788 Qui
1098 719 1181 795 plura
1195 717 1315 794 cupiunt
1327 717 1363 776 de
1386 717 1531 778 Fridolino
1542 719 1694 780 conserant
1707 720 1745 780 P.
1757 721 1894 787 Desniaei

225 818 232 841 ‘
315 831 480 889 Sermonem
502 831 537 887 de
562 827 763 884 Translatione
788 825 818 883 S.
828 823 943 894 Hilarii,
963 825 1098 913 scriptam
1112 822 1218 880 saeculo
1227 821 1281 889 XI,
1296 840 1363 879 cum
1384 821 1458 879 notis
1482 820 1624 892 Bodeadi,
1644 841 1713 883 cum
1731 827 1895 889 Annalibus

314 935 512 1012 Aquitannicis
528 931 722 1001 Bnecbetti,et
733 950 798 989 cum
813 928 924 986 dicioni
937 926 1136 986 additamentis
1156 927 1192 983 ad
1205 926 1379 997 Usuardum,
1389 945 1481 1003 neque
1494 947 1546 1004 pro
1560 927 1679 988 minimo
1692 937 1807 989 maeant
1818 928 1892 992 Coc·

314 1041 395 1109 mam,
416 1038 474 1115 qui,
487 1038 514 1094 in
527 1037 595 1097 Vita
608 1036 772 1112 Dsgoberti,
789 1031 856 1103 eb,
871 1045 966 1091 narrat
982 1029 1127 1089 Helvetios
1139 1029 1269 1087 Civitatis
1285 1040 1314 1086 et
1337 1029 1472 1105 Regionis
1486 1029 1611 1104 Gloritr,
1639 1034 1677 1093 ad
1691 1036 1823 1112 Apostoli
1844 1039 1890 1097 sui

316 1141 634 1210 fridolinimemoriam,
648 1153 728 1216 grato
741 1140 836 1196 animo
845 1122 1203 1209 conservandam,effigiem
1216 1133 1277 1207 ejus
1289 1133 1417 1202 labaris,
1427 1134 1546 1210 aliisque
1555 1136 1686 1209 Vexillls,
1695 1138 1895 1217 sphragismis,

316 1247 438 1303 Moneta
458 1263 538 1313 cusa,
550 1257 579 1301 et
593 1243 791 1301 Anniversaria
804 1241 954 1298 festivitate
963 1239 1121 1297 celebrare.
1140 1234 1257 1292 Scilicet
1268 1237 1344 1311 quod
1359 1236 1447 1311 Leges
1459 1238 1519 1295 sine
1534 1241 1658 1299 moribus
1671 1260 1811 1319 nusquam
1825 1263 1894 1322 pro·

313 1348 424 1417 ficiunt,
448 1349 523 1423 quod
538 1349 614 1406 Vera
627 1347 742 1404 libertas
757 1364 823 1403 cum
841 1344 986 1420 impietate
1001 1339 1099 1418 nequit
1116 1338 1278 1406 consistere,
1299 1346 1327 1394 ct
1348 1339 1425 1413 quod
1450 1338 1587 1413 Helvetii,
1611 1346 1831 1408 Beneiactorum
1845 1369 1894 1409 me
1957 1382 1961 1389 -

313 1469 414 1519 mores,
428 1449 487 1506 illic
500 1468 593 1506 veram
608 1469 667 1506 esse
679 1449 856 1506 Libertatem
870 1446 1042 1521 intelligunt,
1061 1462 1117 1501 nou
1139 1441 1187 1499 ubi
1207 1442 1292 1498 unius
1305 1442 1422 1500 arbitrio
1434 1442 1607 1523 Respublica
1623 1452 1742 1527 geritur,
1759 1454 1811 1512 sed
1830 1458 1892 1526 ubi,

314 1554 454 1630 cujusque
474 1554 578 1612 ordinis
603 1562 792 1611 concurrente
815 1561 893 1619 roto,
914 1551 988 1621 Rex,
1005 1564 1187 1626 quocumque
1202 1545 1287 1602 titulo
1302 1545 1461 1621 insignitur,
1479 1556 1508 1606 et
1535 1549 1605 1623 Lex,
1631 1553 1765 1627 Nobiles,
1789 1568 1820 1616 et
1840 1560 1898 1618 Po·

317 1659 413 1735 pulus,
423 1659 530 1715 mutuis
544 1659 661 1729 viribus,
686 1667 715 1714 et
727 1675 786 1714 uno
802 1656 909 1724 animo,
924 1654 959 1711 ad
974 1672 1010 1711 ea
1022 1668 1085 1728 quae
1096 1659 1175 1708 recta
1189 1658 1265 1720 sunt,
1278 1658 1306 1705 ct
1320 1648 1451 1721 honesta,
1468 1662 1604 1712 eternum
1618 1662 1814 1718 conservanda
1826 1680 1896 1720 coa·

316 1761 434 1837 spirant.
1182 1737 1188 1749 ι

336 1865 512 1923 Fridolinum
526 1865 554 1923 in
564 1865 674 1924 Gallias
683 1861 813 1941 proxime
822 1874 937 1921 secutus
951 1873 994 1920 est
1004 1859 1088 1918 COL
1097 1858 1164 1916 UM
1171 1858 1198 1915 B
1205 1857 1232 1915 A
1243 1857 1277 1915 Ν
1285 1856 1353 1929 US,
1364 1859 1414 1934 qui
1425 1862 1444 1892 “
1454 1859 1483 1917 in
1494 1860 1640 1932 Hibernia,
1648 1863 1724 1922 letter
1739 1863 1899 1926 Primordde

304 1968 379 2042 fidei
393 1978 486 2038 natus,
505 1971 643 2044 usquead
658 1969 765 2027 virilem
778 1978 893 2025 aemtem
903 1967 933 2023 in
953 1963 1121 2022 Liberalibus
1134 1962 1295 2020 Literarum
1308 1962 1454 2035 doctricis,
1468 1974 1499 2024 et
1508 1965 1769 2025 Grammaticorum
1783 1970 1897 2042 studiis,

319 2072 348 2129 in
360 2069 520 2141 Rhetorica,
531 2070 700 2143 Geometria,
708 2080 738 2129 et
745 2071 911 2130 Divinarum
924 2068 1131 2145 Scripturaruet
1144 2067 1226 2137 serie,
1236 2068 1266 2125 in
1279 2068 1375 2126 Patria
1388 2068 1515 2128 defixit.”
1534 2068 1646 2128 Relicto
1656 2069 1752 2130 natale
1764 2072 1827 2130 solo
1838 2072 1897 2131 Lo·

317 2176 411 2252 genio,
424 2176 461 2232 ad
472 2175 575 2234 Virum
588 2175 784 2234 Venerabilem
800 2175 913 2233 nomine
926 2173 1017 2231 Senile
1030 2172 1164 2249 perrexit,
1175 2172 1219 2244 (l)
1239 2182 1269 2230 et
1288 2172 1364 2231 intra
1375 2172 1571 2233 adolescentiae
1583 2181 1708 2244 aetatem,
1724 2173 1897 2235 Parmam

319 2280 414 2337 librum
429 2279 544 2338 elimato
555 2299 684 2338 sermone
697 2279 839 2357 exposuit,
853 2278 999 2354 multaque
1009 2276 1067 2334 alia
1075 2295 1137 2353 quas
1151 2274 1189 2332 od
1198 2282 1307 2332 cantum
1321 2278 1416 2354 digna,
1426 2277 1471 2335 vel
1484 2279 1521 2337 ad
1533 2277 1692 2337 dotandum
1707 2279 1790 2337 utilia
1802 2292 1898 2351 erant,

320 2383 491 2460 composuit.
504 2384 666 2456 (2)-·Haec
680 2395 747 2442 sunt
771 2401 834 2461 quae
858 2384 892 2441 de
917 2381 1089 2441 Columbuoi
1111 2379 1197 2437 initiis
1220 2379 1308 2436 tradit
1328 2381 1485 2456 discipulus
1508 2381 1571 2456 ejus
1592 2381 1681 2441 Jonas
1703 2383 1902 2456 Hibernensis,

319 2485 351 2544 S.
362 2483 441 2543 Gelli
453 2486 574 2562 collega,
584 2487 627 2560 (3)
646 2487 798 2563 exquibus
812 2485 993 2561 intelligimus
1009 2493 1107 2542 natum
1131 2501 1192 2540 esse
1219 2482 1334 2541 ineunte
1349 2485 1456 2544 seculo
1471 2497 1563 2556 sexto,
1584 2487 1673 2561 paulo
1695 2499 1764 2545 ante
1788 2487 1900 2547 obitum

321 2590 351 2648 S.
360 2589 481 2665 Brigidae
492 2591 702 2662 Kildarensis,e
713 2592 795 2667 cujus
808 2591 917 2649 familia
924 2589 1078 2648 oriundum
1092 2587 1177 2646 fuisse
1187 2586 1274 2644 tradit
1284 2588 1353 2645 Vita
1361 2598 1471 2647 vetuste
1483 2587 1510 2646 S.
1524 2588 1635 2666 Magni,
1648 2599 1680 2647 et
1688 2588 1904 2667 eaulogusss.

321 2691 459 2750 Diaecesis
468 2694 702 2765 Constantiemis,
716 2703 746 2752 ct
770 2694 921 2754 Goldastrrs
934 2695 963 2752 in
978 2694 1185 2754 Rer.Aleman.
1201 2691 1404 2767 Scriptoribus,
1416 2693 1463 2766 (4)
1484 2692 1592 2768 aliique
1604 2711 1674 2768 quos
1688 2692 1803 2768 longum
1826 2703 1904 2752 esset

233 2846 237 2855 .
321 2813 500 2854 enumerare.
535 2797 659 2855 AEtatem
674 2799 735 2873 ejus
749 2799 816 2857 satis
836 2798 982 2858 declarant
1005 2800 1082 2876 quod
1104 2797 1207 2855 obierit
1226 2815 1301 2853 anno
1315 2791 1385 2866 615,
1402 2796 1482 2872 quod
1504 2796 1533 2853 in
1549 2797 1677 2875 Epistola
1694 2797 1731 2855 ad
1754 2798 1901 2861 Fedolium

327 2899 430 2977 inquit,
440 2919 470 2958 se
481 2901 604 2960 scribere
617 2902 695 2961 tristi
707 2911 825 2975 senecta,
852 2924 919 2963 cum
946 2904 984 2962 ad
1001 2901 1170 2980 Olympiadis
1184 2909 1228 2959 ter
1240 2920 1311 2957 aeaoe
1325 2910 1439 2959 venerat
1452 2919 1551 2972 anuos,
1575 2912 1605 2960 et
1628 2903 1706 2979 quod
1718 2904 1784 2961 Ado
1806 2904 1904 2964 narrat

326 3002 356 3061 io
375 3012 516 3063 senectute
537 3007 606 3063 bora
626 3006 878 3066 obiisse.·--Ter
889 3026 959 3067 serre
971 3007 1144 3085 Olympiades
1164 3026 1252 3065 annos
1271 3006 1397 3063 efficiunt
1408 3011 1459 3076 90,
1482 3023 1517 3063 ac
1531 3005 1659 3082 proinde,
1683 3024 1751 3064 cum
1763 3007 1824 3066 haec
1838 3026 1905 3084 per·

323 3109 423 3187 spicue
434 3109 500 3181 sint,
512 3111 612 3188 nequit
619 3109 789 3170 Columbani
803 3113 934 3171 nativitas
947 3113 1055 3173 tardius
1068 3132 1154 3189 quam
1162 3112 1197 3170 ad
1208 3111 1330 3188 Brigidae
1343 3118 1474 3186 tempora
1484 3109 1590 3168 referri.
1632 3109 1677 3168 Lx
1690 3109 1734 3168 his
1745 3112 1904 3186 corrigendi

325 3222 391 3271 sunt
414 3232 513 3274 omnes
537 3216 595 3290 qui,
610 3216 820 3275 obscurioribus
829 3216 970 3275 Codicum
993 3217 1074 3276 Jonoe
1091 3219 1223 3285 numeris,
1245 3228 1406 3293 temporum
1421 3213 1561 3273 rationem
1577 3214 1678 3272 misere
1698 3217 1904 3292 perturbantes,

325 3317 413 3392 ipsius
427 3317 501 3375 Solis
515 3317 665 3375 meridiani
680 3317 774 3375 lucem
789 3319 1147 3380 offuscant.·-Dolendum
1169 3329 1212 3380 est
1225 3319 1396 3379 columbani
1407 3316 1637 3376 Commentarius»
1649 3320 1679 3376 in
1692 3319 1819 3377 Psalmm
1832 3319 1908 3379 inter

326 3419 473 3492 deperdita
482 3420 634 3489 numerari,
651 3420 702 3478 etsi
712 3422 884 3481 Trithemius
897 3443 949 3480 suo
961 3424 1055 3507 adhug
1066 3437 1206 3502 tempore,
1232 3425 1262 3482 in
1286 3424 1315 3483 S.
1327 3423 1406 3483 Galli
1421 3421 1612 3491 Bibliotheca,
1624 3419 1751 3479 extitisse
1764 3422 1903 3482 declarat.

332 3521 465 3580 Deflendi
482 3533 548 3581 sunt
563 3523 650 3581 etiarn
664 3524 722 3581 duo
744 3545 758 3581 e
780 3527 970 3599 triburiensis,
993 3548 1064 3604 quos
1087 3529 1198 3606 scripsit
1217 3532 1252 3588 ad
1272 3526 1464 3604 Gregoriuml
1479 3525 1658 3593 Pontificem,
1670 3527 1690 3557 “
1701 3522 1750 3580 De
1761 3527 1910 3599 questione

329 3623 470 3696 Paucae?
494 3635 523 3684 et
545 3625 671 3685 Libellus
689 3628 752 3702 ejus
770 3629 805 3688 de
832 3631 930 3689 eadem
945 3632 1098 3709 quaestione
1112 3633 1148 3690 ad
1168 3634 1296 3710 Arigiam
1309 3634 1440 3711 scriptus,
1452 3637 1486 3690 ut
1498 3629 1559 3708 ipse
1571 3630 1601 3688 in
1615 3628 1741 3706 Epistola
1757 3630 1793 3687 ad
1808 3629 1909 3690 Patres

330 3728 438 3807 Synodi
453 3729 614 3790 Gallicanae
629 3742 757 3792 testatur.
798 3734 887 3793 Periit
901 3734 988 3795 etiam
1002 3737 1146 3796 Volumen
1161 3738 1350 3816 Epistularum
1364 3738 1426 3814 ejus
1439 3736 1475 3794 ed
1486 3733 1697 3794 Theodericum
1712 3734 1830 3811 Regem,
1854 3751 1909 3793 cu·

325 3836 375 3910 jus
386 3834 517 3894 meminit
528 3834 706 3908 Passerinus,
715 3837 840 3916 itemque
852 3840 930 3900 aliud
945 3840 1051 3918 insigne
1065 3841 1147 3921 Opus
1160 3854 1261 3902 contra
1273 3844 1406 3914 Arianos,
1421 3842 1579 3903 Mediolani
1590 3840 1738 3918 scriptum,
1753 3843 1795 3899 uti
1810 3851 1909 3900 narrat

329 3939 424 3998 lonas.
450 3937 573 4016 Reliqua
585 3940 646 4016 ejus
657 3959 743 4017 opera
754 3961 816 4018 quae
830 3954 931 4004 extant
944 3946 1061 4005 edidere
1075 3947 1193 4019 Sirinus,
1209 3948 1374 4018 Goldastus,
1387 3946 1528 4018 Canisius,
1541 3946 1692 4024 leyserus,
1706 3946 1907 4024 Messinghem,

330 4053 359 4101 et
372 4045 488 4103 Parrum
498 4044 805 4103 editores-Narseus
815 4046 876 4120 ejus
889 4047 976 4106 initiis
991 4051 1043 4107 sub
1057 4051 1236 4128 Proeceptore
1246 4051 1360 4124 Siaello,
1370 4054 1459 4112 Jonas
1473 4060 1571 4130 postes
1583 4051 1678 4130 inquit
1699 4049 1907 4110 Monasterium

332 4150 351 4179 ‘⁴
363 4146 601 4224 amtorpetiise,
617 4151 647 4208 in
659 4168 717 4227 quo
729 4151 836 4211 Praeaul
850 4152 886 4211 B.
897 4151 1051 4231 tumgeum
1063 4154 1189 4226 cluebat,
1199 4155 1296 4233 ibique
1305 4157 1428 4232 peractis
1439 4156 1585 4214 maltorum
1593 4156 1704 4214 circadis
1713 4173 1853 4223 moram,
1864 4172 1906 4211 xx

333 4248 353 4278 “
366 4245 457 4304 aetatis
470 4266 576 4306 annum
589 4271 683 4326 agana
696 4254 733 4310 V.
744 4254 776 4314 P.
786 4253 923 4335 Comgello
934 4259 1129 4337 peregrinandi
1144 4260 1313 4319 desiderium
1328 4260 1472 4318 consessus
1480 4270 1534 4330 est,
1552 4258 1599 4336 qui
1611 4259 1758 4334 aliquanto
1768 4265 1907 4326 muretus,

331 4352 352 4385 ‘⁶
367 4348 475 4407 tristem
485 4350 548 4419 sibi,
559 4351 621 4409 aliis
634 4356 732 4412 utilem
747 4357 894 4420 licentiam
911 4368 1079 4437 concedens,
1093 4387 1160 4426 cum
1174 4368 1214 4425 xii
1228 4366 1323 4436 sociis,
1338 4383 1390 4442 per
1410 4363 1586 4422 Britanniam
1600 4363 1629 4420 in
1644 4360 1762 4430 Gallias,
1774 4359 1809 4415 ad
1820 4357 1908 4417 fidem

338 4524 1908 4563 -------—---................-----——·--

343 4647 386 4711 (1)
402 4646 469 4711 Lege
479 4648 591 4698 sensuum
600 4654 626 4697 ul
636 4647 660 4696 in
668 4645 803 4698 Annalibus
814 4651 959 4703 Hibernicis.
980 4656 1072 4717 donem,
1086 4663 1110 4710 io
1119 4664 1156 4711 his
1164 4663 1360 4726 antiquissimum,
1372 4662 1404 4710 ad
1415 4663 1508 4711 verbum
1519 4674 1590 4726 supra
1601 4656 1723 4722 descripsi.

345 4726 389 4789 (2)
402 4727 474 4775 denas
482 4728 570 4778 inVita
580 4729 722 4778 Columbani
734 4745 756 4778 c.
768 4736 791 4786 1,
803 4741 828 4780 et
836 4737 859 4789 2,
871 4733 896 4781 in
907 4733 1041 4786 Collectan.
1051 4740 1116 4789 Sacr.
1129 4758 1154 4805 p.
1166 4747 1223 4798 21⁷,
1234 4747 1290 4790 218.

348 4804 392 4867 (3)
406 4806 469 4855 dena
478 4809 529 4871 ipso
541 4816 644 4858 testante
656 4810 680 4858 in
692 4809 962 4871 Praefatione,ete.10,
984 4832 1008 4879 p.
1021 4822 1078 4879 224,
1086 4829 1112 4867 et
1120 4824 1177 4870 ³43.

349 4885 393 4949 (t)
410 4885 517 4936 Goldasts'
525 4896 588 4939 nota
595 4891 626 4939 sd
635 4890 716 4941 Vitam
726 4891 851 4945 vetustam
861 4895 884 4945 S.
897 4896 971 4953 Galli,
980 4897 1105 4962 nepotisS.
1118 4900 1268 4958 Coiuosbaui,
1279 4908 1305 4951 et
1316 4899 1474 4952 collectanea
1481 4899 1554 4949 Serre
1564 4900 1654 4965 pess-
