4446 6000
830 751 1345 871 ELENCHUS

434 1010 576 1084 Rerum
594 1007 874 1106 Praecipuorum
902 1033 981 1109 quae
998 1012 1034 1083 in
1065 1012 1120 1084 liis
1142 1004 1453 1084 Annototiooibos
1471 1005 1715 1080 continentur.

1796 1406 1860 1441 '1⁰0

318 1455 507 1566 Arctous
519 1513 604 1564 Seculi
616 1515 667 1564 XII
678 1515 796 1580 originem
805 1513 957 1562 tenebrarum
979 1510 1103 1560 Hibernia
1113 1528 1127 1560 a
1137 1510 1261 1561 Danorum
1272 1513 1454 1571 vastationibus,
1471 1515 1584 1566 historica
1594 1519 1642 1567 lide
1652 1517 1750 1576 suffulti,

315 1604 414 1667 ipsoque
426 1604 527 1653 Giraldo
539 1606 692 1661 assentiente,
705 1607 752 1653 ded
759 1614 842 1652 ucunt.
946 1628 956 1639 ·
1051 1627 1062 1638 ·
1189 1628 1199 1638 ·
1327 1629 1337 1640 ·
1463 1631 1475 1643 ·
1601 1635 1612 1645 .
1739 1635 1749 1646 .
1814 1613 1860 1660 121

314 1689 455 1739 Academias
467 1692 604 1740 Hibernicae
616 1694 680 1740 uude
692 1693 781 1756 Hyons
792 1690 916 1754 Originem
927 1690 1007 1745 traxit,
1024 1691 1125 1752 aliaeque
1136 1690 1274 1738 Hibemicae
1282 1690 1339 1753 ipsis
1351 1692 1495 1754 antiquiores
1506 1702 1667 1743 recensentur.
1737 1720 1747 1731 ·
1812 1700 1860 1745 114

314 1776 447 1827 Academia
464 1778 631 1829 hrdmachaua
644 1796 691 1828 non
701 1781 777 1828 solum
797 1797 840 1843 pro
857 1779 979 1833 Hibernis,
1000 1780 1042 1826 sed
1065 1795 1108 1841 pro
1128 1778 1313 1834 Albauensrbus‚
1326 1790 1351 1828 et
1363 1781 1552 1845 hogio-saxonis,
1563 1784 1594 1831 ab
1616 1783 1738 1832 Hibernia

315 1861 432 1928 Regibus,
444 1876 500 1915 autc
513 1869 643 1932 Anglorum
654 1870 793 1921 adventum,
805 1867 889 1914 annuis
900 1867 1011 1914 censibus
1023 1867 1113 1915 dotata.
1324 1895 1334 1905 -
1462 1896 1473 1908 .
1600 1897 1612 1908 .
1738 1899 1749 1910 .
1814 1876 1861 1921 m

316 1949 488 2002 Testimonium
502 1958 618 2004 Aldhclmi
629 1957 840 2018 locupletissimum
852 1958 883 2002 de
895 1955 987 2003 Scholis
998 1962 1023 2002 et
1034 1955 1166 2016 disciplinis
1176 1954 1409 2005 Ilibemiae'Saeculis
1418 1957 1480 2013 VII,
1491 1966 1516 2007 ct
1526 1957 1602 2007 VIII.
1741 1986 1752 1997 ·
1816 1964 1863 2010 128

313 2042 443 2104 Catalogus
453 2043 588 2091 Scribarum
600 2045 723 2093 Hihemiae
734 2045 820 2094 Saeculi
832 2043 907 2097 VIII,
929 2058 959 2089 ex
981 2043 1115 2091 Annalibus
1127 2043 1162 2091 lV
1175 2043 1353 2107 Magistromm,
1371 2046 1465 2092 collatis
1486 2063 1540 2093 cum
1551 2046 1705 2111 Tigcmoclso,
1725 2056 1751 2096 et

316 2133 653 2193 &commitam-Principes
663 2143 688 2180 et
701 2135 812 2195 Episcopi
819 2132 1060 2179 IliberniSoriharuns
1067 2134 1144 2175 udicio
1153 2134 1322 2190 fungebantur.
1335 2133 1425 2182 Confer
1437 2151 1493 2183 ann.
1503 2140 1560 2192 816,
1570 2141 1618 2187 846
1631 2154 1685 2186 cum
1692 2154 1748 2204 pag.
1814 2139 1862 2185 1³0

311 2220 468 2269 Refelluntur
478 2221 519 2283 qui
531 2221 612 2282 Opera
623 2221 732 2280 Lapides
743 2219 864 2270 Hibernis,
876 2225 932 2262 ante
944 2214 1066 2261 Danorum
1076 2215 1213 2269 adventum,
1231 2217 1313 2278 ignota
1324 2221 1395 2268 fuisse
1407 2224 1560 2272 somniarunt.
1738 2251 1749 2263 -
1814 2228 1862 2273 134

328 2358 376 2418 Ψ
388 2356 571 2403 Addendasunt
581 2369 634 2416 qum
645 2355 676 2398 de
687 2351 785 2397 vetustis
793 2350 947 2396 Ethnicorum
959 2350 1117 2397 monumentis
1128 2349 1238 2411 lapideis,
1246 2353 1324 2399 adhuc
1335 2353 1478 2407 extantibus,
1489 2355 1607 2405 habentur
1618 2358 1643 2405 iu
1656 2359 1748 2408 Disser-

316 2445 407 2493 tatione
417 2444 447 2489 de
457 2441 584 2503 Religione
597 2439 751 2486 Ethnicorum
770 2436 902 2491 Hibemiae,
922 2434 977 2482 MS.
989 2436 1015 2483 in
1026 2436 1157 2494 stonense,
1172 2439 1203 2484 de
1215 2438 1301 2499 quibus
1310 2438 1355 2485 Vir
1366 2441 1473 2488 eruditus
1481 2442 1584 2490 Thomas
1594 2443 1663 2493 Astle
1674 2447 1751 2508 inquit

319 2537 336 2563 “
353 2533 433 2580 'lbera
450 2547 491 2579 are
509 2538 575 2593 great
590 2528 689 2577 number
707 2528 736 2574 of
750 2527 832 2589 pillars
853 2526 900 2572 and
924 2535 1073 2573 monuments
1093 2527 1121 2574 of
1137 2535 1204 2574 stone
1227 2528 1251 2574 in
1272 2528 1379 2588 boland,
1390 2545 1416 2576 as
1434 2531 1488 2577 well
1509 2533 1579 2591 rude,
1600 2550 1626 2581 as
1647 2536 1756 2598 wrought

320 2624 406 2670 “with
426 2621 519 2668 senous
537 2619 617 2676 lsrrots,
638 2619 734 2680 figures,
757 2616 805 2662 and
817 2616 922 2673 devices,
943 2616 990 2662 aud
1009 2631 1073 2663 some
1093 2617 1121 2663 of
1137 2616 1204 2663 these
1225 2616 1296 2664 latter
1306 2627 1354 2666 sort
1365 2634 1405 2665 are
1417 2618 1541 2684 evidently
1552 2622 1580 2669 of
1596 2621 1679 2685 Pagsn
1690 2624 1751 2672 anti.

317 2718 336 2743 “
347 2715 425 2778 quity.
457 2711 536 2758 There
549 2724 588 2755 are
601 2708 652 2754 also
666 2723 680 2752 s
691 2713 759 2767 great
769 2704 870 2750 number
888 2703 916 2749 of
931 2703 1049 2750 inscribed
1061 2712 1219 2758 monuments,
1235 2721 1299 2753 some
1321 2708 1349 2753 of
1364 2708 1440 2756 which
1462 2724 1536 2770 prore
1557 2711 1609 2757 thot
1628 2713 1669 2758 she
1687 2712 1749 2760 11121,

319 2809 337 2831 ιι
348 2802 396 2847 had
408 2800 492 2847 letters
502 2797 585 2844 before
594 2795 635 2840 the
646 2794 733 2840 arrival
744 2791 802 2840 ot'S.
810 2790 938 2837 Patriclsin
951 2792 1001 2836 that
1013 2791 1153 2854 kingdom.”
1186 2793 1251 2841 Astle
1260 2793 1345 2858 Origin
1356 2797 1384 2843 of
1392 2796 1506 2861 Writing,
1517 2797 1619 2849 London
1629 2800 1753 2864 tol.toos,

312 2905 369 2953 pag.
382 2890 438 2935 119.
470 2883 533 2948 King
552 2881 711 2934 Munimeuto,
724 2877 945 2941 passim-london
956 2877 998 2925 fol.
1008 2881 1080 2926 1803.

313 3023 488 3075 ArsEcclesias
500 3022 570 3085 pictis
580 3020 666 3067 tabulis
676 3018 786 3072 ornandi,
798 3017 928 3080 antiquitus
938 3015 1034 3063 exculta
1044 3017 1075 3063 ab
1086 3015 1208 3065 Hibemis.
1321 3046 1332 3057 -
1459 3047 1469 3059 .
1595 3049 1610 3062 .
1734 3051 1746 3064 .
1808 3028 1857 3078 133

315 3114 355 3163 De
367 3113 528 3162 HIbemorum
538 3110 653 3159 Veterum
665 3108 775 3170 navigiis,
795 3114 819 3156 et
831 3105 1028 3168 navigationibus,
1040 3114 1096 3154 ante
1108 3107 1219 3154 seculum
1228 3105 1301 3157 VIII.
1335 3107 1425 3157 Confer
1434 3124 1489 3157 min.
1499 3113 1548 3159 847
1558 3127 1673 3176 cumpag.
1738 3140 1749 3151 -
1812 3119 1861 3163 140

331 3254 379 3314 Ψ
396 3251 484 3300 Navim
506 3252 531 3298 in
550 3265 621 3313 quam
632 3249 794 3297 Columbanos
807 3245 981 3295 aTheodorico
992 3247 1155 3294 conscendere
1162 3244 1241 3308 jussus
1253 3254 1296 3301 est,
1308 3255 1334 3295 ut
1345 3262 1359 3295 e
1371 3247 1522 3298 Nanoetcnsi
1533 3253 1592 3298 urbe
1604 3251 1629 3300 in
1641 3251 1747 3302 Patriam

315 3342 456 3391 Hiberniam
473 3341 570 3394 rediret,
592 3339 673 3386 navim
683 3340 808 3387 scotticam
829 3336 937 3400 appellat
953 3336 1036 3390 Jonas,
1055 3347 1080 3384 et
1100 3352 1129 3383 ex
1141 3351 1171 3384 eo
1182 3337 1345 3386 Mobillooius.
1381 3338 1466 3402 Atqui,
1486 3340 1510 3387 id
1523 3342 1604 3390 evcnit
1615 3339 1745 3401 snn0610,

312 3429 474 3479 Theodericus
485 3429 555 3483 enim,
571 3428 674 3490 expulsis
691 3426 840 3474 columbano
855 3434 879 3472 ct
896 3425 979 3481 Sociis,
990 3425 1047 3473 obiit
1055 3433 1105 3487 post
1116 3442 1202 3472 oaorem
1213 3429 1316 3481 tertium,
1335 3442 1398 3474 anno
1415 3430 1471 3482 613,
1487 3443 1535 3491 quo
1552 3428 1750 3492 ChlothariusII,

311 3520 401 3580 adepta
413 3518 556 3566 Francorum
573 3516 722 3572 Monarchia,
741 3524 767 3563 ut
785 3514 946 3563 columbanus
965 3515 1112 3577 predixerat,
1131 3521 1156 3561 et
1176 3515 1314 3563 vaticinium
1331 3515 1383 3579 ejus
1400 3515 1424 3564 in
1444 3533 1469 3565 se
1486 3519 1632 3581 completum
1653 3520 1749 3581 mirans,

311 3608 446 3656 Eustasium
455 3610 485 3655 ad
498 3607 672 3655 Colmnbanum
683 3623 736 3654 cum
746 3606 912 3668 supplemento
924 3606 1028 3668 publico,
1037 3613 1062 3652 et
1077 3604 1201 3653 Nobilium
1213 3604 1334 3661 comitatu,
1351 3605 1433 3654 Bobiis
1444 3606 1469 3653 in
1480 3607 1577 3655 Italiam
1589 3609 1663 3669 misit,
1677 3620 1703 3658 ot
1723 3611 1747 3660 ei

313 3696 339 3744 in
349 3696 453 3743 Galliam
465 3696 543 3743 redire
555 3696 718 3757 persuaderet.
751 3693 799 3741 Sed
810 3693 853 3743 Vir
863 3704 966 3748 sanctus,
977 3695 1064 3756 gratias
1074 3708 1157 3756 agens,
1165 3710 1190 3741 se
1202 3694 1275 3741 literis
1284 3693 1415 3753 excusarit,
1432 3704 1457 3741 et
1468 3695 1565 3757 expleto
1575 3712 1624 3744 uno
1641 3712 1705 3744 auno
1722 3697 1747 3744 in

314 3783 433 3831 Bobionse
450 3782 501 3845 jam
522 3784 638 3845 perfecto,
661 3782 720 3829 obiit
732 3781 768 3829 xl
776 3780 833 3829 Kal.
854 3781 914 3830 Deo.
935 3783 1065 3839 ann0615,
1085 3790 1112 3828 ut
1131 3781 1213 3828 scribit
1230 3782 1316 3841 Jonas,
1345 3783 1409 3828 unde
1431 3783 1573 3844 corrigenda
1591 3791 1628 3830 est
1646 3782 1747 3832 Surians

313 3870 397 3927 editio,
418 3876 443 3916 ct
469 3879 549 3917 vetera
571 3869 752 3933 Martyrologia,
770 3869 794 3916 in
806 3869 900 3932 quibus,
917 3884 1015 3916 erronea
1026 3884 1150 3916 numerum
1161 3869 1352 3930 transpositione,
1368 3868 1404 3915 IX
1416 3868 1472 3915 Kal.
1485 3884 1527 3931 pro
1545 3868 1581 3916 xl
1594 3868 1649 3916 Kal.
1661 3870 1746 3918 obiisse

313 3967 429 4011 narratur,
457 3967 481 4003 ut
513 3958 650 4006 insincero
672 3957 790 4011 Usuardo‚
811 3965 836 4004 et
856 3957 953 4011 Adone,
984 3958 1071 4019 quibus
1090 3955 1246 4019 preferendus
1266 3964 1303 4003 est
1324 3956 1520 4010 wandelbertus,
1549 3958 1663 4020 quicum
1683 3956 1748 4005 Jona

314 4046 440 4093 consentit.
469 4043 628 4106 Corrigendus
651 4054 687 4093 est
707 4045 944 4109 etMabilloniasqui
957 4045 1104 4093 Nouembrem
1125 4044 1217 4107 scripsit
1233 4058 1277 4106 pro
1300 4043 1567 4091 Decembre—Confer
1589 4043 1748 4093 ll'osdelberti

315 4131 475 4194 Martyrolog.
488 4131 610 4178 metricum
619 4132 648 4178 Τ.
662 4148 684 4178 s.
696 4133 818 4195 spicilegii
831 4133 1112 4181 D'Achcrloni-Vitam
1124 4133 1260 4182 Columbum'
1269 4132 1358 4179 editam
1370 4131 1395 4178 io
1405 4130 1432 4179 T.
1445 4131 1469 4177 iii
1481 4132 1587 4192 Operum
1607 4132 1684 4179 Bedra
1701 4133 1749 4179 Ba·

315 4221 379 4269 sileoe
392 4223 464 4275 1563,
485 4230 508 4267 ct
520 4218 628 4268 Colorriae
640 4226 711 4276 1611,
724 4221 812 4270 alono
822 4223 933 4284 scriptam
944 4223 1023 4276 fuisse,
1031 4223 1081 4284 ipsa
1095 4221 1206 4269 Prasstio
1217 4222 1372 4278 demonstrat,
1393 4228 1417 4267 et
1429 4235 1510 4268 omues
1521 4220 1593 4268 Docti
1602 4223 1749 4269 fatentur.-

315 4311 457 4361 Colombani
467 4309 558 4372 Scripta
570 4311 669 4357 laudant
681 4317 787 4357 suctores
795 4310 881 4372 Operis
892 4310 1115 4357 eximii-Histoire
1123 4310 1248 4358 Littersire
1259 4311 1291 4357 de
1303 4311 1326 4358 la
1338 4311 1436 4365 France,
1448 4317 1464 4338 ‘⁴
1475 4311 1498 4358 Il
1508 4320 1540 4360 cst
1550 4326 1598 4373 pers
1611 4313 1750 4360 d'ecriooins

316 4401 345 4447 dc
355 4415 394 4447 son
406 4410 483 4461 temps,
495 4416 525 4447 ou
537 4400 582 4446 l'on
593 4410 673 4449 mosoc
691 4402 744 4462 plus
755 4401 783 4447 dc
796 4400 912 4447 beautesf'
947 4399 1024 4446 Iidem
1034 4400 1064 4445 de
1077 4399 1150 4451 Galli,
1161 4397 1272 4460 discipuli
1283 4397 1343 4460 ejus,
1354 4399 1459 4447 Sermom
1471 4399 1536 4448 edito
1548 4416 1562 4446 a
1573 4398 1668 4449 (lanitio
1680 4401 1749 4450 Iseet.

315 4487 416 4552 Antiqu.
428 4489 454 4536 T.
466 4494 504 4543 10,
514 4490 573 4536 edit.
586 4489 698 4551 Basnagii
710 4504 733 4551 p.
739 4492 797 4542 781,
809 4488 919 4551 inquiunt
929 4494 947 4516 “
956 4503 1001 4535 one
1009 4489 1074 4548 piecc
1084 4490 1198 4535 orsimemt
1206 4488 1276 4551 digne
1285 4488 1314 4534 ds
1324 4503 1403 4548 poster
1413 4506 1428 4535 a
1439 4489 1463 4537 lo
1471 4491 1607 4552 marriress'
1620 4489 1684 4538 Hist.
1698 4489 1745 4537 Lit.

318 4573 346 4621 T.
356 4578 380 4629 3,
393 4591 415 4636 p.
424 4578 481 4631 562,
513 4577 603 4625 Confer
614 4577 697 4640 Opera
707 4576 731 4623 S.
743 4575 809 4624 Galli
819 4576 906 4624 editae
918 4574 1023 4638 Geaporo
1030 4575 1129 4623 Boethio
1140 4575 1289 4624 Frnnoofurti
1302 4579 1421 4626 1623-8.

314 4709 424 4764 Mennis,
436 4720 460 4758 et
470 4711 567 4760 Ebudes
578 4713 674 4768 insulsa,
690 4713 805 4763 Hibernis
826 4714 955 4778 antiquitus
977 4713 1083 4764 subditae.
1189 4740 1200 4751 ·
1327 4738 1338 4751 ·
1463 4739 1475 4751 ·
1600 4735 1611 4747 ·
1738 4733 1749 4748 ·
1813 4713 1862 4759 144

315 4796 486 4848 Testimonium
498 4799 591 4850 Dicattt
601 4803 633 4850 de
644 4802 752 4853 Islaudia
762 4803 820 4852 olim
831 4804 954 4870 explorata
964 4803 994 4853 ab
1009 4800 1320 4853 Hibernis-eontentio·
1330 4808 1367 4851 est
1375 4815 1431 4866 pag.
1446 4803 1503 4856 141,
1527 4802 1582 4856 141,
1594 4796 1639 4847 isc.
1650 4812 1705 4847 curo
1714 4813 1770 4863 paq.
1814 4802 1863 4850 148

1084 4889 1158 4940 ·Bo
