4446 6000
684 539 1119 610 anuoraurouns
1162 539 1235 603 an
1275 540 1395 604 sne.
1420 539 1552 605 v111.
1769 513 1867 626 179

295 731 326 789 ia
352 727 423 787 Vita
440 726 545 786 Caroli.
589 728 745 786 Annalium
775 724 958 784 Fuldensium
981 721 1120 779 collector
1139 720 1284 796 Antiquus
1306 722 1415 779 brevius
1429 721 1584 799 inquit-—“
1596 722 1698 781 Classis
1721 722 1871 783 Danorum

296 843 315 867 ⁸⁴
337 833 500 890 Hiberniam
512 851 649 907 aggressa,
672 831 794 889 aScotis
814 831 912 906 praelio
925 824 1101 905 superatur.''
1141 824 1317 882 Hermerotis
1339 823 1506 882 Contractus
1529 828 1565 884 ad
1583 830 1708 886 eundem
1721 812 1869 887 annum-

295 938 438 995 “Classis
464 939 612 995 Danorum
641 937 805 994 Hiberniam
829 935 971 1001 invadens,
992 951 1011 988 a
1037 928 1130 986 Scaeis
1155 928 1231 985 victa
1250 928 1321 986 est.''
1367 929 1495 1004 Itemque
1519 929 1646 1005 Rhegion
1676 931 1705 989 in
1724 931 1868 991 Chronico

294 1044 314 1073 ‘⁴
336 1040 440 1098 Classis
457 1042 689 1099 Normannorum
709 1039 873 1096 Hiberniam
896 1035 1021 1093 Insulam
1045 1049 1183 1108 aggressa,
1206 1031 1400 1108 commisoque
1414 1050 1474 1089 carn
1496 1029 1587 1090 Sectis
1601 1033 1710 1110 praelio,
1723 1034 1805 1093 multi
1829 1054 1867 1094 err

294 1148 314 1179 ⁴⁸
335 1146 390 1204 illis
402 1144 554 1214 interlecti,
580 1145 677 1203 caeteri
690 1143 759 1219 luga
771 1141 841 1218 lapsi
852 1138 947 1198 sunt.”

332 1504 394 1577 De
412 1507 442 1580 I
440 1505 693 1615 llusteioribus
710 1505 888 1580 Hibernis
907 1508 968 1605 qui
985 1504 1113 1580 Caroli
1131 1506 1270 1603 Magni
1288 1529 1399 1579 erum
1416 1504 1453 1576 itt
1465 1499 1603 1576 Galliis
1614 1513 1837 1599 praeserere.

995 1660 1145 1695 *¹*—

650 1764 894 1825 ANNOTATIO
917 1764 1074 1822 ULTIMA
1100 1765 1150 1822 ET
1173 1761 1510 1823 CHRONOLOGICA.

309 1884 446 1941 literar
455 1885 492 1942 ad
508 1884 628 1943 fidemin
642 1886 685 1943 his
702 1885 941 1944 Annotntionibus
951 1885 1127 1952 servandam,
1141 1892 1172 1940 ut
1186 1901 1248 1959 quae
1263 1882 1298 1938 de
1312 1892 1391 1940 recta
1402 1891 1563 1958 temporum
1575 1879 1694 1949 ratione,
1708 1879 1797 1955 longis
1806 1897 1866 1938 am·

292 1990 407 2063 bagibus
418 1989 569 2064 explorata
581 1989 687 2058 detexi,
711 2007 746 2045 ea
752 1989 814 2063 jam
829 1990 937 2064 absque
950 1987 1072 2045 circuitu
1082 2004 1235 2064 exponam,
1246 1986 1360 2060 juvabit
1374 1987 1449 2044 enim
1463 1986 1484 2043 si
1501 1986 1622 2044 rationes
1641 1984 1867 2061 Chronologicae,

290 2093 326 2147 ab
340 2092 505 2166 alienigenis
524 2092 562 2148 ad
577 2091 739 2150 domestica
750 2100 887 2150 accurate
902 2093 1043 2161 deductae,
1062 2092 1103 2148 ita
1117 2110 1184 2149 curn
1206 2090 1366 2149 Annalibus
1386 2091 1487 2148 nostris
1501 2089 1679 2156 conveniant,
1701 2096 1734 2144 ut
1747 2096 1811 2164 post
1826 2096 1868 2146 tot

290 2195 406 2262 saecula,
417 2197 502 2252 ambo
524 2195 638 2252 demum
652 2198 777 2268 sociata,
791 2196 897 2253 mutuis
910 2213 939 2251 se
951 2195 1066 2262 viribus,
1080 2194 1186 2251 mutuis
1199 2193 1284 2250 armis
1303 2193 1423 2250 invicem
1448 2191 1744 2250 tueantur-Primus
1759 2192 1866 2266 itaque,

288 2299 336 2356 vel
350 2300 450 2355 saltem
464 2298 538 2354 inter
547 2299 652 2372 primos
667 2297 818 2365 Hibernos,
837 2296 873 2351 de
887 2296 988 2370 quibus
1008 2307 1087 2351 certo
1101 2303 1212 2352 constat
1224 2295 1341 2364 Gallias,
1355 2296 1390 2352 ad
1406 2296 1530 2353 Francos
1542 2296 1746 2363 informandos,
1757 2295 1867 2362 adiisse,

288 2398 509 2455 fuitFridolinus
533 2416 600 2454 curn
614 2396 707 2456 sociis.
728 2398 803 2453 Acta
817 2397 887 2470 ejus,
906 2396 936 2452 in
955 2397 1077 2452 Vetusto
1091 2395 1197 2452 Codice
1221 2396 1387 2454 Monasterii
1404 2397 1568 2454 Helerensis
1594 2397 1724 2471 religiose
1745 2404 1866 2461 servata,

290 2501 358 2574 legit
370 2501 475 2556 sarculo
488 2501 515 2556 X
532 2497 690 2568 lieltherus,
701 2500 836 2576 lectaque
849 2499 885 2556 ad
910 2500 1069 2556 Notlterum
1091 2501 1119 2558 S.
1131 2499 1295 2557 Gallensem
1309 2499 1459 2576 inscripsit.
1502 2499 1546 2555 Ex
1562 2499 1605 2555 his
1617 2507 1707 2575 patet,
1727 2509 1756 2553 et
1769 2515 1867 2554 omnes

292 2605 406 2680 quidem
420 2605 605 2671 conveniunt,
617 2623 654 2662 ex
671 2605 812 2662 Hibernia
823 2603 977 2661 Pictaviam
989 2602 1162 2679 proiectum,
1176 2603 1207 2661 S.
1221 2603 1324 2660 Hilarii
1337 2604 1547 2661 Monasterium
1559 2603 1597 2662 ibi
1607 2603 1787 2672 instaurasse,
1801 2605 1868 2661 inde

290 2707 481 2772 Austrasiam,
504 2706 553 2762 ubi
580 2706 787 2763 Monasterium
813 2705 940 2762 condidit
960 2704 996 2760 ad
1012 2705 1165 2761 Mosellam
1191 2704 1298 2762 Helera
1317 2706 1502 2783 appellatum,
1530 2717 1628 2782 postea
1652 2707 1743 2763 rarias
1759 2705 1866 2780 ubique

293 2809 444 2877 Ecclesias,
469 2809 498 2863 in
513 2807 649 2864 honorem
673 2808 702 2864 S.
716 2807 829 2874 Hilarii,
846 2806 1010 2874 edificasse,
1033 2806 1060 2862 in
1085 2805 1203 2882 Vosago,
1228 2809 1424 2884 Argentoreti,
1438 2808 1530 2866 Carica
1549 2811 1577 2866 in
1588 2809 1702 2879 Raetia,
1722 2810 1750 2865 in
1773 2808 1869 2866 Insula

293 2912 383 2972 Rheni
398 2911 526 2979 Serantis,
538 2910 623 2982 cujus
636 2909 787 2966 Abbatissa
798 2910 871 2965 inter
882 2908 995 2984 Imperii
1010 2910 1163 2986 Principes,
1186 2928 1268 2987 reque
1292 2928 1326 2966 ac
1340 2911 1369 2967 S.
1380 2912 1459 2969 Galli
1474 2914 1581 2981 Abbas,
1594 2912 1689 2968 locurn
1705 2910 1815 2978 habuit,
1838 2921 1869 2966 et

291 3014 428 3085 Cleronis,
444 3012 579 3090 [Glarita]
591 3015 650 3083 ubi,
665 3032 755 3088 usque
769 3012 863 3081 hodie,
878 3014 1016 3070 memoria
1029 3011 1060 3070 S.
1072 3012 1207 3070 Fridolini
1221 3013 1269 3090 pia
1278 3014 1459 3072 veneratione
1472 3015 1642 3073 celebratur.
1675 3015 1745 3088 Ejus
1756 3013 1868 3070 obitum

291 3120 378 3179 refert
389 3121 513 3176 Waraeus
524 3118 561 3176 nd
572 3136 677 3176 annum
692 3124 762 3186 514,
776 3119 824 3175 alii
838 3118 873 3174 ad
889 3117 1118 3185 ssa,ssa1ruerus
1132 3118 1167 3174 ad
1187 3123 1317 3195 tempera
1326 3116 1481 3175 Chlodovei
1496 3117 1520 3186 l,
1542 3118 1590 3194 qui
1604 3117 1739 3193 regnavit,
1761 3134 1817 3173 non
1831 3117 1868 3172 ab

291 3240 366 3279 anno
378 3228 438 3279 484
452 3223 488 3278 ad
502 3227 572 3289 514,
585 3231 618 3277 ut
632 3220 749 3279 tradunt
761 3221 911 3297 Colganus,
922 3236 952 3279 et
970 3223 1106 3291 Waraeus,
1124 3222 1171 3280 sed
1186 3225 1223 3280 ab
1237 3240 1312 3280 anno
1324 3228 1382 3279 481
1399 3222 1434 3279 ad
1455 3228 1524 3280 511.
1547 3223 1595 3296 (l)
1638 3224 1688 3291 At,
1704 3231 1865 3298 temporum

290 3324 412 3381 rationes
426 3322 575 3383 confundit
596 3324 757 3393 Baitherus,
768 3326 816 3401 qui
829 3325 984 3383 mentoriter
998 3336 1153 3385 tantumes
1167 3326 1275 3384 Codice
1287 3325 1441 3384 lielereuse
1455 3344 1486 3382 se
1504 3324 1646 3403 scripsisse
1659 3325 1772 3382 latetur.

331 3423 438 3501 Gogus,
466 3425 564 3499 Major
590 3427 699 3484 Domus
714 3429 849 3504 Sigeberti
863 3429 954 3508 Regis,
976 3432 1024 3507 qui
1040 3432 1128 3490 llletis
1151 3434 1188 3509 pd
1204 3430 1360 3489 Mosellam
1376 3431 1502 3506 regnavit
1521 3433 1558 3488 ab
1579 3449 1654 3487 anno
1669 3426 1725 3488 561
1747 3431 1784 3487 ad
1797 3431 1867 3498 ⁵75,

289 3526 464 3589 Fridolinum
486 3529 593 3586 salutat
618 3534 637 3562 “
653 3530 682 3588 S.
694 3533 847 3602 Abbatem,
883 3536 931 3612 qui
965 3555 1036 3594 aare
1058 3555 1145 3614 super
1167 3535 1298 3593 Mosella
1325 3534 1465 3602 litoribus,
1501 3535 1641 3610 praeclara
1663 3531 1776 3610 Templi
1804 3549 1868 3589 cer·

287 3630 365 3687 nitur
385 3633 576 3690 construxisse
598 3634 661 3706 jam
683 3635 836 3694 culmina.”
851 3639 1087 3711 (ti—Errant
1110 3647 1250 3715 praterea
1266 3638 1418 3714 Colganus,
1437 3648 1467 3695 et
1486 3637 1617 3695 Bollandi
1639 3637 1869 3702 continuatores,

292 3732 340 3806 qui
351 3733 517 3790 Baltherum
532 3735 661 3791 Notltero
673 3736 797 3796 Balbulo
806 3739 887 3815 Opus
896 3759 980 3799 suum
993 3760 1169 3818 nuncupasse
1181 3741 1309 3798 arbitrati
1320 3751 1396 3809 sunt,
1407 3752 1530 3816 quatuor
1550 3742 1627 3798 enim
1649 3741 1809 3797 extiterunt
1817 3736 1867 3794 alii

292 3834 424 3902 Notkeri,
435 3836 470 3889 ab
480 3842 622 3902 anno9l2
640 3855 698 3910 quo
713 3838 849 3897 Balbulus
861 3842 942 3911 obiit,
956 3843 993 3900 ad
1008 3843 1103 3900 saeculi
1113 3843 1172 3899 Xll
1196 3843 1331 3909 medium,
1342 3861 1401 3917 quo
1414 3843 1526 3899 Notlter
1530 3841 1629 3914 junior
1640 3838 1743 3896 librum
1756 3837 1868 3913 scripsit

292 3940 312 3967 ‘⁴
327 3934 374 3990 De
387 3932 500 3989 Casibus
513 3935 682 3994 Monasterii
692 3938 723 3997 S.
735 3939 841 4010 Gaui?
865 3957 894 4003 et
907 3956 1006 4021 postea
1030 3946 1154 4023 quintus,
1168 3945 1227 4021 qui,
1250 3942 1352 4002 eodem
1376 3944 1481 4002 saeculo
1501 3951 1633 4009 exeunte,
1659 3938 1794 4007 Senioris,
1807 3938 1866 3996 i.e.

294 4038 406 4096 Balbuli
429 4037 526 4095 Vitam
541 4038 669 4114 imperite
688 4040 858 4103 lucubravit.
900 4048 992 4124 Atqui
1007 4048 1156 4108 lieltherus
1179 4049 1220 4104 bis
1234 4046 1351 4116 indicat,
1372 4065 1402 4104 se
1415 4045 1557 4121 scripsisse
1570 4051 1720 4119 postquam
1736 4039 1866 4117 ilungari

292 4143 439 4201 Seraniam
452 4142 578 4199 insulam
594 4152 783 4214 vastaverunt,
797 4147 873 4221 quod
887 4147 1044 4222 Stumpfius
1055 4167 1131 4206 anno
1140 4155 1199 4217 9³8
1207 4149 1342 4207 accidisse
1351 4150 1534 4206 demonstrat.
1549 4151 1597 4222 (8)

334 4248 404 4305 llaec
424 4246 518 4305 notavi
534 4255 566 4304 ut
583 4246 732 4321 scriptores
754 4247 851 4317 nostri,
869 4250 917 4323 qui
932 4268 1135 4327 nonnunquam
1150 4251 1179 4307 in
1193 4251 1399 4326 chronologicis
1412 4250 1557 4322 deficiunt,
1573 4265 1735 4333 temporum
1749 4250 1867 4310 charac-

291 4362 374 4419 teres,
404 4361 433 4407 et
454 4358 581 4408 veterum
597 4349 757 4407 testimonia
770 4351 856 4427 paulo
869 4353 1005 4411 attentius
1020 4353 1208 4431 perpendant,
1220 4372 1313 4430 neque
1334 4354 1410 4411 enim
1425 4373 1513 4431 parva
1526 4353 1750 4430 Antiquitatibus
1764 4352 1865 4410 nostris

293 4451 413 4510 insertur
425 4453 540 4528 injuria,
568 4452 636 4509 dum
656 4470 708 4529 pro
722 4454 847 4531 genuina
860 4455 993 4516 asseritur
1011 4456 1204 4543 chronologia
1218 4457 1295 4527 ficta,
1314 4468 1344 4517 et
1366 4458 1499 4528 absurda,
1528 4477 1591 4534 quae
1603 4459 1750 4517 veritatem
1775 4456 1865 4530 ipsam

290 4630 1860 4661 -ἫΜ

308 4743 351 4805 (1)
368 4746 413 4792 Art
421 4746 449 4791 de
464 4745 489 4793 V.
502 4748 533 4795 les
545 4747 626 4805 Dares,
638 4756 687 4806 at,
700 4767 723 4814 p.
735 4753 792 4807 531,
805 4753 875 4816 Pagi,
886 4754 1040 4802 etMubillon.

306 4823 350 4888 (2)
366 4826 426 4887 Gogi
436 4823 512 4887 Epist.
520 4829 551 4873 ad
563 4828 661 4877 Petrum
673 4830 734 4893 Epnr
747 4832 881 4880 Metensem
892 4835 957 4895 apud
968 4834 1097 4884 Duehesue
1107 4833 1166 4885 lter.
1176 4837 1310 4892 Francicus.
1322 4844 1339 4890 t,
1348 4842 1371 4893 l,
1383 4853 1407 4906 p·
1416 4839 1471 4887 864,

307 4905 473 5033 (astampfii
491 4902 580 5034 Cquon.
592 4907 691 4957 Helvet.
726 4909 750 4958 N
752 4913 862 4960 otkeruru
878 4912 1009 4964 Balbaluru
1020 4915 1101 4969 Vitam
1111 4915 1226 4970 Pridoliui
1237 4917 1356 4980 seripsims
1377 4917 1474 4966 tradunt
1485 4913 1601 4966 Austorss
1613 4913 1723 4993 Historia
1735 4902 1866 4977 literaria⁴

304 4999 323 5033 e
373 5000 442 5039 oren,
454 4999 513 5035 voce
547 4995 622 5051 otger.

1073 5074 1148 5131 Ast
