4446 6000
324 511 425 614 130
684 531 1123 605 Auuouamouuc
1163 537 1238 603 au
1278 537 1556 604 sanun.

319 724 483 800 ceriptnret,
495 720 544 799 qni
557 720 713 781 honorifica
726 719 885 780 Scribarum
898 718 1000 785 officio,
1016 727 1046 777 et
1058 717 1153 787 titulo,
1165 717 1288 793 imigniti
1308 728 1399 787 erant,
1418 721 1521 794 passim
1536 733 1744 794 memorantur,
1764 727 1854 804 idque
1864 750 1903 789 ω

322 829 409 904 magis
432 828 587 887 notandum
609 826 689 892 duxi,
705 837 792 902 atque
809 825 986 886 eruditorum
1008 823 1110 884 Patrico
1119 824 1241 897 jndicio,
1269 836 1297 881 et
1313 824 1491 883 aestimationi
1511 827 1772 890 commendandum
1789 838 1900 910 putavi,

324 932 393 1008 quia
404 931 509 989 Scriba
519 929 643 988 officinm
659 931 741 990 valde
756 930 945 989 honorificum
959 928 1054 995 suisne,
1076 935 1187 985 constat
1200 947 1236 985 ex
1251 938 1362 986 uetusto
1376 927 1483 985 Codice
1501 929 1651 989 Canonnm
1664 934 1900 1013 Hibemenrinm,

322 1035 436 1097 Secuto
446 1034 519 1093 Vlll
534 1046 664 1102 exarato,
680 1054 717 1092 ex
732 1053 800 1110 quo,
824 1032 965 1098 canones,
989 1031 1025 1090 ad
1046 1029 1215 1089 Hiberniam
1230 1032 1413 1106 peculiariter
1426 1045 1597 1109 spectantes,
1622 1037 1713 1095 edidit
1733 1040 1763 1097 in
1776 1044 1898 1103 tomnix

322 1139 467 1217 spicilegii
478 1137 664 1208 D'Acllert'ar,
685 1138 759 1196 undo
778 1135 919 1211 colligitur
936 1135 1065 1192 Scribam
1086 1135 1186 1191 eodem
1200 1137 1300 1209 gradu,
1323 1135 1440 1206 honore,
1462 1149 1490 1194 et
1512 1139 1648 1214 dignitato
1661 1141 1792 1202 habitum
1812 1146 1900 1206 tuine

323 1264 379 1321 quo
400 1243 529 1318 Princepr
541 1241 683 1301 excedat!
724 1240 854 1299 Eundem
870 1237 1030 1305 Canonem,
1052 1256 1089 1293 ex
1108 1236 1165 1295 alio
1179 1237 1285 1295 Codice
1305 1239 1490 1298 Bibliotheca
1504 1244 1659 1319 Bigotiamn
1680 1246 1844 1326 Rotomagi,
1861 1252 1901 1310 alr

323 1345 487 1422 octingentis
507 1346 586 1404 anna
599 1353 734 1430 vexarato,
758 1343 848 1401 edidit
861 1341 1101 1400 Murteae—‘¹
1116 1340 1233 1416 Sanguis
1249 1340 1387 1416 Episcopi,
1401 1344 1550 1402 oelercclai
1563 1347 1714 1425 Principis,
1732 1352 1777 1409 ccl
1794 1351 1899 1412 Scriba

321 1456 340 1487 “
362 1452 409 1529 qni
424 1453 460 1509 ad
475 1461 580 1509 terram
590 1451 755 1511 effunditur,
768 1449 791 1506 ai
806 1447 916 1506 collirio
926 1446 1090 1523 indiguerit,
1103 1465 1168 1503 enm
1183 1447 1231 1521 qui
1246 1447 1388 1515 effuderit,
1401 1449 1550 1525 Sapientes
1560 1453 1686 1529 cruciligi
1695 1454 1840 1528 judicant,
1852 1457 1905 1515 rel.

319 1558 339 1586 “
361 1554 418 1613 Vll
433 1554 560 1612 Ancillae
574 1554 683 1613 reddat.
725 1553 754 1610 Si
776 1555 805 1611 in
823 1553 928 1629 specie,
949 1551 1063 1610 tertiam
1078 1563 1188 1626 partem
1202 1552 1236 1607 de
1249 1562 1377 1626 argento,
1399 1563 1429 1610 et
1444 1571 1609 1630 comparem
1633 1557 1748 1616 verticis
1761 1561 1799 1618 de
1812 1578 1897 1631 anco,

318 1662 337 1693 ‘⁴
358 1657 538 1716 latitudinem
552 1676 604 1714 nec
618 1675 685 1724 non,
707 1655 870 1715 etsimilem
891 1655 968 1714 oculi
991 1656 1028 1714 de
1048 1674 1162 1732 gemma
1179 1655 1312 1731 pretiosa,
1335 1657 1558 1733 magnitudinem
1568 1659 1696 1718 reddat.”
1712 1663 1758 1733 (1)
1798 1663 1900 1735 Ponn,

319 1763 360 1823 lv
371 1761 576 1837 Magirtmram
591 1761 717 1820 Annales
729 1759 760 1816 in
774 1758 928 1826 stonense,
943 1777 1009 1816 cnm
1027 1757 1209 1834 Tigcraacda,
1223 1769 1252 1816 et
1266 1758 1472 1819 Ultorrientilmr
1485 1762 1515 1820 iu
1534 1765 1663 1839 aequanti
1680 1763 1819 1841 Catalogo
1828 1784 1900 1824 oon·

320 1866 457 1933 sentiunt,
480 1868 508 1922 in
523 1866 577 1924 hoc
591 1882 649 1924 uno
670 1862 874 1930 discordanter,
895 1862 972 1937 quod
996 1862 1177 1923 Ultonienaeo
1191 1881 1249 1921 uno
1261 1883 1349 1936 anno,
1374 1866 1416 1923 lv
1428 1866 1567 1943 Magistri
1580 1868 1703 1945 quinque
1717 1869 1798 1928 annia
1809 1887 1898 1928 m
1968 1929 1983 1952 ,

320 1987 499 2032 communem
510 1979 541 2025 nt
554 1967 710 2043 plurimum
722 1976 910 2023 antevertant.

614 2190 816 2232 caumana
833 2189 1037 2231 scalmum
1053 2189 1181 2231 amcam
1196 2190 1264 2231 vm
1290 2192 1334 2231 Ex
1359 2193 1396 2232 lv
1417 2195 1617 2236 Momm·

357 2334 488 2390 Dccxx.
529 2328 562 2388 S.
572 2325 662 2386 Cauri
680 2325 766 2388 ecrite
781 2325 930 2383 acmlneoir
943 2324 1034 2384 Daire
1045 2324 1231 2406 Clallggaiglt
1252 2349 1325 2388 accc.
1336 2329 1367 2387 S.
1380 2329 1494 2390 Colman
1508 2332 1631 2393 Uaraaclt
1641 2332 1791 2393 rcrilmoir
1803 2334 1898 2395 Arda·

317 2436 424 2503 macta,
445 2432 504 2499 78.
518 2431 632 2490 Colman
646 2429 761 2488 Banban
773 2428 942 2486 rcriblneoir
956 2428 1026 2487 Cilic
1039 2430 1346 2492 dorcacestria„
1356 2455 1416 2493 mac
1428 2456 1470 2494 mc
1481 2435 1794 2496 Cannaidrccrilrdneoir
1804 2435 1899 2499 lta»-

316 2540 393 2600 daim.
434 2537 639 2619 [scaoclrcat
660 2535 761 2594 Scriba
774 2534 942 2591 Monasterii
964 2534 1101 2594 Roboreti
1123 2535 1403 2614 interpretationum,
1417 2539 1500 2596 hodie
1513 2540 1618 2617 Dcrry,
1643 2541 1715 2599 obiit
1735 2541 1792 2600 hoc
1812 2560 1899 2600 anno.

318 2642 351 2702 S.
361 2641 474 2700 Colman
487 2640 610 2700 Uamaclr
633 2639 732 2696 Scriba
755 2637 984 2708 Ardmachanua,
1005 2650 1035 2696 et
1061 2636 1092 2697 S.
1106 2637 1219 2698 Colman
1233 2641 1348 2706 Barbari
1376 2643 1476 2700 Scriba
1496 2643 1691 2714 Killdarenais,
1712 2645 1897 2705 obierunt.—

316 2743 350 2805 S.
359 2745 457 2802 Rudan
470 2744 543 2804 filius
557 2744 607 2803 lilii
619 2741 769 2811 Connadii,
784 2741 884 2800 Scriba
894 2741 1073 2818 Momoniae.]
1113 2744 1297 2803 Concordant
1313 2745 1478 2825 Tigernacd‚
1491 2759 1520 2806 et
1534 2748 1654 2808 Annales
1666 2746 1898 2821 illuminarent

318 2852 468 2919 ann.724,
490 2867 553 2928 pag.
565 2851 614 2916 79.
656 2847 690 2904 ln
710 2865 785 2904 anno
804 2847 918 2922 quidem
939 2846 1098 2925 discrepare
1112 2847 1253 2919 videntur,
1278 2850 1326 2908 aed
1341 2851 1533 2930 discrepantia
1558 2863 1600 2909 est
1620 2863 1731 2912 tantum
1746 2873 1897 2934 apparent,

318 2973 384 3013 cum
399 2954 578 3014 Ultonienscs
599 2971 684 3012 aeram
709 2971 890 3010 communem
912 2972 970 3011 uno
983 2971 1069 3021 anno,
1097 2952 1140 3009 IV
1151 2951 1300 3030 Magistri,
1316 2963 1348 3013 ut
1373 2954 1538 3031 plurimum,
1561 2955 1689 3035 quinque
1715 2956 1797 3014 annis
1818 2966 1897 3017 anto·

318 3067 440 3118 vertant.

354 3164 526 3222 Dccxx1v.
567 3160 637 3220 Mac
651 3161 762 3220 Oncltan
787 3159 955 3220 rcribiaeair
968 3158 1037 3218 Cillr
1056 3160 1137 3230 dara,
1150 3158 1217 3218 Mac
1232 3159 1401 3218 Concnmbla
1420 3157 1584 3218 rccrttreor'r
1593 3154 1702 3219 Cluana
1713 3179 1773 3218 mac
1785 3161 1896 3222 nair.—

316 3261 430 3324 Coclall
453 3265 531 3322 Odar
549 3263 696 3323 Scridnidd
717 3264 964 3341 Beanncluirdeg.
1007 3264 1090 3342 [Illac
1102 3263 1195 3322 Oneon
1209 3264 1309 3348 Scriba
1323 3263 1518 3334 Killdarensis,
1541 3261 1612 3322 Mac
1624 3259 1778 3324 Concumba
1797 3266 1899 3328 Scriba

315 3369 434 3431 Cluanae
448 3390 512 3432 mac
527 3370 598 3442 nois,
620 3369 733 3430 Cacdall
744 3371 813 3429 adar
827 3372 929 3429 Scriba
954 3370 1176 3431 Bennchorenait
1187 3367 1494 3447 obierunt.]-Eadem
1516 3367 1623 3427 habent
1644 3369 1769 3431 Annua
1783 3370 1897 3431 Ultoui·

319 3493 398 3533 enata
410 3477 447 3534 ad
461 3494 567 3534 annum
584 3480 654 3545 729,
669 3495 755 3552 supra
767 3495 829 3552 pag.
840 3482 888 3533 81.
1576 3478 1578 3482 ’

358 3579 514 3638 Dccxxv.
555 3576 588 3637 S.
603 3577 716 3636 Colman
736 3597 772 3636 aa
788 3577 913 3635 Liottaia
934 3577 1044 3636 dactair
1061 3576 1143 3654 tagla
1160 3576 1232 3635 decc.
1270 3576 1314 3655 [S.
1328 3575 1450 3634 Colman
1471 3573 1625 3633 O'Liottaa
1640 3572 1750 3635 Doctor
1771 3575 1895 3656 optimut

317 3679 414 3757 obiit]

362 3783 525 3844 Dccxxvu.
575 3781 823 3845 stertentium
842 3783 996 3864 agrilneoir
1019 3781 1179 3845 Artoarta
1206 3781 1280 3842 decc.
1340 3780 1384 3858 [S.
1398 3780 1614 3841 Ferdomhnach
1634 3780 1734 3841 Scriba
1756 3782 1897 3845 Ardtnac·

316 3887 407 3947 hanus
420 3886 516 3965 obiit]

355 3992 515 4053 Dccxnu.
555 3990 729 4051 Cacummine
741 4010 820 4049 cccne
841 3989 952 4069 togaidc
970 3991 1052 4051 eiridc
1065 3990 1100 4048 do
1114 4010 1169 4050 ecc.
1191 4010 1222 4049 ar
1240 3989 1274 4048 dd
1293 3989 1328 4048 do
1342 3989 1417 4048 ruine
1430 3988 1576 4048 Adamana
1590 4010 1627 4048 an
1648 4009 1720 4049 rann
1745 3991 1793 4050 dia
1813 4010 1899 4070 grea-

313 4092 445 4168 caclttfri
458 4095 576 4172 leigionn
579 4139 652 4156 .......
655 4095 790 4154 locabar
804 4095 962 4154 Foraanain
976 4093 1114 4171 Praiccpt.
1135 4095 1278 4171 erguaina
1292 4093 1460 4170 aimairarg.
1501 4093 1610 4152 itamari
1623 4114 1684 4153 mac
1698 4092 1898 4153 CalmainSaai

315 4194 345 4250 in
368 4194 471 4265 Eccum
494 4198 656 4270 icCroinic,
670 4221 741 4278 agar
754 4202 765 4258 i
778 4200 913 4259 Filr'decdt
927 4198 989 4278 deg.
1031 4200 1234 4276 [Cacummine
1255 4200 1373 4257 scientia
1386 4200 1632 4275 proestantiooirnuo
1645 4199 1726 4256 obiit.
1767 4197 1895 4272 locuta·

311 4299 431 4357 laudem
458 4299 567 4358 Pooma
592 4306 752 4379 composuit
774 4306 936 4373 Adamana,
959 4318 1109 4384 postquam
1136 4307 1188 4362 sub
1211 4305 1272 4380 ejus
1301 4303 1450 4381 disciplina
1477 4303 1564 4361 literis
1579 4302 1692 4363 claruit.
1716 4302 1764 4372 (2)
1805 4297 1894 4359 Jacob

313 4402 491 4461 &Faraanaa
517 4401 693 4459 Praedicator
714 4404 892 4464 doctissimus
918 4410 961 4464 sui
988 4409 1133 4485 temporis,
1158 4408 1228 4464 obiit
1254 4409 1309 4465 hoc
1333 4426 1419 4476 anno,
1448 4399 1824 4490 limnanfiliutColmnnni,
1847 4419 1893 4460 att·

314 4509 392 4586 piens
407 4506 534 4566 Scieutia
549 4503 749 4575 intellectuali,
768 4508 885 4564 scientia
896 4511 1050 4581 llistorica,
1068 4524 1097 4569 et
1110 4512 1237 4569 Scientia
1251 4512 1379 4581 Pontica,
1393 4511 1487 4588 obiit]

330 4800 376 4863 (t)
393 4803 502 4854 aarum
511 4805 627 4855 Tnaaanr.
639 4802 756 4853 tumor.
768 4811 788 4851 t.
797 4805 822 4858 4,
833 4815 890 4865 ptg.
901 4804 925 4855 6,
937 4800 997 4851 edit.
1009 4801 1085 4859 Parit,
1099 4809 1172 4853 1717.

329 4879 377 4945 tt)
394 4879 463 4931 Errat
479 4883 595 4948 colganur
604 4884 645 4933 nbi
655 4881 733 4948 inquit
744 4882 780 4933 1v
790 4882 916 4949 Magistros
926 4878 978 4944 eja
993 4881 1084 4932 obitura
1094 4885 1184 4933 referre
1193 4885 1226 4936 ad
1236 4901 1292 4936 aaa.
1305 4890 1362 4936 ⁷24.
1379 4884 1460 4939 Triod.
1466 4899 1523 4953 pag·
1534 4889 1593 4944 tta,
1600 4885 1651 4939 aul·
1662 4888 1688 4937 2.
