4446 6000
778 549 1045 644 ernanus
1081 531 1483 647 usronrausas.
1849 546 1918 668 67

343 774 381 842 et
401 760 516 841 Ulaid
528 769 766 836 vastaverunt
781 784 953 858 campum
972 758 1253 836 Murtieimlme
1270 761 1333 857 (l)
1370 761 1506 838 Coison
1524 760 1651 838 Scriba
1669 761 1817 839 Laeron
1836 763 1918 860 qui·

343 888 429 963 evit.
484 888 507 961 J
514 887 682 985 ugulatio
701 884 871 959 Concobo.

340 1016 409 1093 aa.
437 1010 496 1090 ibt
513 1030 551 1097 rt
567 1011 632 1089 bii.
685 1009 829 1108 Bellum
864 1008 903 1079 in
923 1005 1132 1103 Fermuigle,
1154 1007 1218 1082 ubi
1247 1009 1386 1085 cecidit
1405 1009 1596 1087 Concobar
1612 1010 1742 1085 rnniece
1759 1010 1913 1105 [bonus]

340 1161 395 1212 mc
419 1138 627 1223 Moeldairn
648 1149 685 1207 et
703 1133 875 1206 Eodiord
888 1153 953 1203 rex
972 1129 1188 1204 Dnlnraide.
1244 1132 1386 1205 Bellum
1407 1134 1503 1208 inter
1521 1135 1685 1208 Saxones
1709 1147 1747 1209 et
1777 1103 1915 1223 Picios,

338 1259 404 1332 ubi
423 1259 561 1333 cecidit
579 1257 677 1330 filius
700 1255 840 1338 nerine,
855 1253 918 1347 qui
934 1252 1129 1326 dicebatur
1142 1255 1327 1329 Breetrid.
1350 1254 1412 1350 (2)
1468 1256 1687 1330 Combustio
1702 1256 1814 1330 Dani
1829 1258 1921 1330 Mo«

338 1384 451 1478 loing.
505 1379 691 1477 Expulsio
709 1378 786 1450 Ain
808 1375 877 1450 'cell
902 1375 969 1447 filii
996 1374 1149 1448 Fereoir
1166 1377 1212 1449 de
1231 1402 1357 1475 regno,
1385 1393 1423 1450 et
1441 1378 1590 1451 vinetus
1621 1381 1668 1453 ad
1701 1380 1919 1455 Hiberniam

337 1504 498 1578 vehitur.
517 1502 573 1599 (3)
626 1502 730 1574 Mors
758 1499 943 1607 Foranoin
970 1497 1127 1572 Abbatis
1144 1501 1239 1573 Cille
1263 1503 1363 1586 daro,'
1394 1511 1431 1572 et
1450 1499 1648 1575 Moelruin
1669 1527 1723 1578 mc
1741 1505 1915 1602 Mognin.

340 1628 447 1701 Mors
463 1627 661 1722 Muirgira
680 1647 733 1696 mc
752 1623 949 1696 ddaeldain
968 1621 1064 1717 regis
1081 1622 1227 1718 generis
1245 1622 1404 1719 Coirpri.

338 1754 408 1830 an.
435 1748 644 1832 mtttttiii.
700 1745 844 1818 Bovina
862 1744 1008 1840 Strages
1032 1742 1071 1815 in
1104 1743 1275 1817 Saxonia
1331 1743 1476 1817 Bellum
1493 1744 1664 1821 Finamla
1691 1772 1746 1822 me
1774 1748 1915 1827 Osseni.

337 1875 375 1948 Τ
369 1875 477 1945 araia
495 1871 541 1942 ad
560 1868 775 1942 Hiberniam
790 1865 921 1964 pergit.

337 1998 405 2074 aa.
433 1991 492 2068 mr
508 2012 547 2077 tt
563 1994 610 2076 ie.
662 1993 832 2065 Accensa
853 2002 907 2062 est
926 1988 1064 2062 bovina
1082 1990 1287 2063 mortalitas
1313 1989 1349 2061 in
1369 1988 1558 2077 Hibernia,
1582 1990 1619 2062 in
1642 1991 1821 2067 Kalendis
1852 1994 1918 2070 Fe·

337 2117 484 2205 bruarii,
504 2116 542 2188 in
559 2139 691 2212 campo
709 2114 835 2210 Trogo,
851 2115 864 2185 i
886 2113 920 2185 Τ
916 2112 1047 2185 eliberi.
1063 2099 1285 2210 [in‘regione
1300 2113 1452 2206 Tenis]
1505 2115 1622 2199 Quies
1638 2120 1739 2194 Aedo
1757 2121 1918 2195 anacho-

337 2242 407 2316 rite
421 2241 599 2315 orleibtin.
627 2237 885 2336 [Sleptiensis.]
943 2234 1172 2308 Dormitatio
1198 2236 1376 2334 Jnrnloig
1409 2238 1750 2317 AbbatisLirmoir.
1805 2244 1918 2321 Fiun-

336 2370 450 2438 nor'nn
465 2386 579 2461 nepos
596 2359 765 2450 Danebo,
785 2385 851 2433 rex
866 2359 1049 2477 Dolrioti
1071 2374 1109 2432 et
1128 2357 1245 2432 Flora
1262 2383 1317 2432 nte
1350 2357 1572 2460 Cirrnsaelod
1585 2389 1640 2438 mc
1654 2363 1788 2439 Suibne
1798 2365 1917 2466 jugu-

338 2486 404 2560 lati
436 2498 533 2559 sunt.
587 2487 769 2559 Aurtuile
797 2506 910 2581 nepos
929 2483 1138 2558 Crain'rnnil
1163 2482 1209 2555 de
1239 2508 1355 2580 regno
1390 2485 1574 2582 expulsus,
1610 2485 1648 2559 in
1685 2486 1918 2566 Britanniam

336 2612 469 2711 pergit.
506 2609 564 2704 (4)
617 2610 743 2683 Fames
765 2623 803 2683 et
834 2607 1045 2706 pestilentia
1079 2605 1197 2680 tribus
1221 2607 1328 2678 annis
1359 2605 1396 2678 in
1432 2607 1611 2682 Hibernia
1634 2607 1737 2683 facta
1769 2625 1833 2701 est,
1873 2626 1918 2686 ut

338 2737 411 2809 Ho.
432 2737 502 2807 Ho.
525 2735 621 2807 inem
640 2731 858 2804 comederet.
912 2728 1008 2802 Flore
1037 2727 1141 2801 albus
1174 2753 1251 2802 mac
1280 2729 1480 2806 Moeltuile
1506 2756 1622 2830 nepos
1647 2734 1844 2810 Crunmoil
1871 2735 1918 2812 de

336 2879 471 2954 genere
504 2852 661 2949 Eugeia
678 2851 845 2924 moritur.
1183 2831 1190 2844 ⁹

334 3177 378 3247 (1)
397 3174 438 3230 lV
449 3171 589 3250 Magistri
598 3171 633 3230 ad
648 3188 714 3228 ann.
725 3164 796 3238 695,
809 3167 1003 3246 inquiunt-“
1020 3166 1110 3243 Magi
1126 3167 1295 3226 Mairtemne
1308 3168 1343 3224 do
1353 3166 1463 3246 *satagit
1478 3168 1506 3228 lo
1522 3171 1650 3229 Bretaoib
1663 3189 1733 3249 ogas
1744 3170 1771 3228 lo
1783 3171 1917 3234 lultoidl‘

338 3271 487 3348 [Planities
497 3269 639 3327 maritima
653 3268 726 3324 inter
736 3277 861 3322 montem
877 3262 970 3338 Brrgi
983 3277 1012 3321 et
1022 3264 1113 3322 sinum
1127 3264 1341 3321 DunDalebiae
1354 3276 1461 3325 vastata
1470 3287 1487 3322 a
1499 3267 1621 3324 Britonis
1634 3279 1663 3323 et
1682 3265 1918 3356 Ultorriensibrrs.]

336 3366 384 3442 De
406 3366 461 3423 hac
479 3365 634 3422 vastatione
646 3361 732 3420 silent
756 3360 881 3418 Annales
902 3359 1130 3436 Angla-saxonici
1154 3374 1184 3419 et
1204 3359 1291 3419 Beda.
1335 3362 1395 3420 Nos
1411 3363 1622 3420 Ultoniensium
1642 3363 1851 3438 Chronologire,
1871 3375 1917 3421 ut·

334 3447 401 3538 riute
417 3461 577 3538 Eelipsibus
595 3459 668 3516 Solis
691 3467 721 3515 et
742 3456 831 3515 Luna
845 3455 1044 3525 consentienti,
1067 3465 1097 3514 et
1118 3458 1252 3516 feriarum
1272 3476 1307 3516 ac
1332 3456 1525 3521 Lunationum
1539 3459 1744 3519 concurrentiis
1767 3459 1917 3531 conlorr'rd,

333 3557 533 3616 adhaerendum
549 3575 620 3621 esse,
633 3556 662 3612 in
676 3552 799 3613 Disserl.
815 3551 935 3610 Proelim.
950 3552 1212 3613 demonstravimus.

336 3654 381 3723 (2)
401 3659 420 3685 “
444 3653 507 3708 Her
522 3650 628 3726 rottae
647 3650 740 3723 riogrn
767 3647 854 3704 uerte
878 3647 971 3703 caldor
994 3648 1086 3709 mnn.”
1126 3648 1234 3707 Cbron.
1249 3650 1357 3709 Saxon.
1371 3651 1407 3710 sd
1419 3670 1483 3710 ann.
1494 3646 1563 3720 699,
1576 3660 1606 3709 et
1619 3669 1679 3712 not.
1690 3670 1785 3728 supra,
1798 3650 1834 3712 ael
1850 3670 1918 3712 auu.

334 3743 405 3813 684,
429 3767 485 3823 quo
504 3746 617 3802 Beretus
636 3744 802 3801 Hiberniam
814 3745 944 3802 vastavit.

336 3843 381 3912 (3)
402 3842 446 3897 De
461 3843 570 3915 Regum
597 3841 790 3897 Hibernorum
807 3840 937 3897 Albaniae
960 3839 1184 3900 successionibus
1198 3841 1235 3897 V.
1248 3850 1307 3899 not.
1316 3841 1351 3898 ad
1362 3859 1429 3900 anu.
1439 3836 1510 3909 672,
1532 3853 1561 3901 et
1581 3838 1831 3910 693.-Frnrelor
1840 3842 1918 3919 fode

333 3949 397 3994 erat
418 3937 454 3992 de
468 3937 554 3993 durno
569 3935 682 4003 Lonnd,
697 3935 772 3991 linea
786 3946 864 3992 recta
876 3945 1004 3996 octavus.
1034 3935 1226 3992 Ainbceollocll
1239 3937 1311 3993 filius
1324 3955 1386 4009 ejus
1400 3939 1429 3993 in
1441 3939 1608 3995 Hiberniam
1626 3939 1736 3994 vinctus
1752 3937 1822 3993 mitti
1838 3937 1917 3995 ride·

332 4043 388 4099 tur,
408 4032 474 4106 quia
489 4031 634 4087 Hiberniae
647 4031 737 4104 Reges
752 4030 857 4086 Domui
875 4029 1019 4106 Frorgarr'i
1033 4032 1125 4088 fratris
1141 4031 1243 4088 [narni
1268 4033 1411 4098 latebant,
1436 4045 1463 4089 et
1482 4031 1675 4089 Ainbrealloclt
1690 4032 1828 4104 Fenrgusii
1851 4051 1919 4109 pos·

329 4141 404 4184 teres
427 4124 521 4199 ajure
536 4126 626 4198 Regni
638 4124 784 4180 eliminare
796 4134 964 4184 conabatur.
1006 4127 1062 4183 Vel
1078 4126 1144 4200 quia
1154 4128 1244 4183 victus
1258 4146 1273 4181 a
1289 4128 1375 4182 fratre
1387 4126 1500 4181 Selboeo
1512 4127 1630 4183 exulare
1643 4137 1760 4183 coactus
1770 4141 1823 4184 est.

334 4226 380 4294 (4)
407 4222 447 4280 lv
461 4220 602 4297 Magistri
615 4220 649 4276 ad
661 4238 726 4275 ann.
738 4214 797 4286 698
809 4219 1002 4293 inquiunt-“
1018 4220 1166 4276 Aortiaile
1181 4240 1214 4275 uo
1234 4220 1398 4276 Cranmavd
1418 4220 1536 4277 loiseocd
1551 4219 1630 4278 Cenii
1643 4222 1768 4297 Eoglroin
1781 4223 1911 4281 dionaar·

331 4318 446 4376 bodias
468 4319 496 4373 in
515 4315 607 4392 Rigle
627 4314 799 4372 imbretain.”
843 4314 1006 4391 [Aurtulius
1020 4315 1228 4371 O'Crunnmael
1255 4316 1389 4392 l'rinceps
1406 4317 1918 4395 Tiroenensisexpulsusellegnoin

332 4411 533 4487 Britanniam]
560 4414 680 4487 Nempe,
696 4409 723 4467 ni
740 4411 831 4478 fallor,
845 4409 913 4485 quia
927 4410 1023 4466 domui
1039 4410 1140 4468 Loarni
1157 4411 1268 4468 favebat
1283 4412 1471 4488 potiusquam
1487 4413 1637 4488 leargusii.
1676 4414 1916 4488 Feurcorprimus

333 4510 413 4568 suite
435 4511 521 4567 dorna
536 4508 638 4564 loanni
653 4506 702 4582 qui
716 4507 752 4563 ad
768 4506 859 4582 Regni
874 4505 1014 4581 fastigium
1029 4518 1145 4563 evectus
1165 4520 1219 4574 est,
1242 4507 1364 4583 ideoque
1387 4507 1504 4582 posthac
1529 4509 1651 4585 plurima
1674 4511 1747 4565 iuter
1765 4521 1915 4581 utramque

334 4607 450 4662 domum
464 4603 563 4681 prelia
577 4603 704 4660 Annales
719 4605 805 4659 nostri
821 4613 976 4661 recensent.
1020 4603 1165 4660 Hiberniae
1182 4603 1268 4679 Reges
1286 4602 1424 4678 l'eargusii
1440 4613 1566 4678 posteros
1579 4604 1681 4658 radere
1692 4601 1813 4659 sociatos
1829 4601 1915 4658 habe·

331 4701 410 4764 baur,
424 4710 508 4774 atque
523 4701 577 4756 isto
593 4699 704 4755 vinculo
720 4698 820 4754 scotos
836 4697 978 4766 Albaniae,
994 4699 1150 4759 Pictorum.
1166 4701 1322 4768 Saxonum,
1337 4711 1424 4773 atque
1440 4700 1588 4756 Britonurn
1610 4696 1694 4751 armis
1709 4709 1834 4762 vexatos,
1861 4695 1913 4756 lli-

331 4795 445 4859 berniae,
460 4794 508 4848 ie.
521 4794 625 4850 Scotiae
637 4795 772 4869 autiquae,
800 4793 878 4869 quasi
889 4793 1012 4869 antiquae
1039 4795 1149 4859 Patriae,
1162 4795 1307 4870 sanguine,
1330 4796 1434 4868 lingua,
1451 4791 1603 4858 beneficiis,
1628 4790 1788 4846 animorum
1809 4789 1914 4848 unione

330 4903 360 4946 et
370 4887 535 4944 omnimoda
548 4888 731 4945 similitudine
745 4890 900 4946 concordes
920 4890 1041 4948 retinere
1056 4893 1220 4968 cupiebant.
1265 4890 1383 4947 Eordoid
1399 4884 1546 4952 liinneool,
1567 4884 1615 4959 qui
1639 4884 1806 4941 Fearcbario
1831 4886 1913 4960 longo

329 4985 478 5055 successit,
492 4983 566 5041 lilius
588 4993 651 5040 erat
676 4983 873 5060 Domangarti,
887 4984 936 5040 filii
954 4985 1096 5045 Donualdi
1112 4985 1261 5060 maculati,
1280 5003 1316 5044 ae
1328 4981 1446 5062 proinde
1465 4980 1600 5039 dedomo
1615 4979 1767 5058 Feargusii.
1791 4977 1915 5040 vanna

908 5073 959 5125 xa
