4446 6000
711 572 973 641 anama
1009 571 1405 674 memmium.
1742 547 1850 643 aaa·

269 749 530 843 00101110.
602 750 662 824 Kl.
679 750 842 827 Jan.fer.
859 751 922 825 iiii.
944 750 1040 824 Lun.
1059 749 1161 824 xviii.
1216 749 1317 826 Cnut
1341 772 1420 822 mac
1439 745 1526 822 Satn
1553 748 1589 821 ri
1609 744 1734 823 Satan
1752 751 1843 825 doec.

271 871 409 946 Cathal
424 898 503 949 mac
517 874 776 972 Amhalgadha
793 877 830 949 ri
847 875 986 949 iartair
1002 873 1137 968 Laing,
1154 872 1325 962 7abecm,
1344 874 1393 946 in.
1406 896 1450 945 m.
1466 869 1572 948 Gitta
1584 871 1784 972 Coemghin
1799 896 1844 946 m.

270 992 464 1087 cinaedm,
484 1008 542 1077 7a
558 998 628 1072 clm
643 999 824 1088 domarim,
844 1000 882 1072 in
898 997 1030 1071 aenuir
1046 998 1088 1070 do
1106 1020 1161 1069 mc
1176 995 1292 1069 Ceall.
1309 1020 1343 1069 m
1364 994 1537 1070 Duncka.
1565 991 1847 1072 Fluithbertacit

268 1116 302 1187 h.
320 1116 488 1192 Murcka
505 1119 541 1192 ri
555 1122 689 1194 ceniuil
702 1120 992 1218 Baghuiuecum
1010 1119 1139 1193 multis
1154 1144 1186 1192 0.
1199 1143 1230 1192 e.
1257 1118 1742 1195 Jarnank.1«¹tannctancu
1757 1143 1805 1194 na
1822 1142 1849 1195 n

267 1239 364 1329 oeblt,
378 1253 401 1320 7
419 1265 467 1314 na
471 1242 585 1337 firen,
603 1247 646 1318 do
664 1240 840 1343 tecbtsor,
855 1245 973 1321 creich
990 1245 1028 1318 in
1045 1244 1191 1318 Delbna
1207 1268 1271 1317 con
1286 1244 1608 1318 itairttetaruaiti
1622 1245 1664 1317 do
1675 1241 1851 1321 Dtetbm

267 1360 426 1460 imairig,
446 1388 486 1438 co
501 1367 662 1440 tardant
679 1367 881 1463 eliathaigt
897 1372 949 1456 do,
967 1365 1343 1447 7cormnarb1arnan
1360 1378 1382 1449 7
1398 1392 1443 1441 ar
1457 1393 1479 1440 a
1493 1367 1696 1441 muinntire
1714 1366 1767 1439 tri
1779 1380 1849 1440 ane·

269 1508 317 1556 na
332 1488 428 1560 noch.
482 1490 653 1586 Ragnall
668 1489 727 1563 kh
752 1493 873 1566 Imair
899 1492 936 1564 ri
955 1491 1193 1587 Puirtlairgi
1207 1489 1377 1564 domarat
1395 1491 1433 1564 ia
1448 1488 1645 1563 Aetoliam
1660 1489 1696 1560 la
1709 1485 1848 1564 Sitriuc

269 1632 325 1681 mc
340 1611 510 1686 Amlaim.
555 1615 821 1690 Ardmbrecain
836 1619 879 1689 do
894 1615 1022 1689 arcain
1038 1616 1079 1688 do
1094 1612 1236 1688 Sitriuc
1254 1637 1308 1687 mc
1325 1613 1495 1686 Amlaim.
1548 1610 1646 1686 Sord
1660 1609 1737 1684 Col.
1757 1634 1786 1685 c.
1805 1612 1849 1685 do

268 1735 412 1828 argain,
430 1747 453 1814 7
471 1740 514 1811 do
533 1741 606 1811 lose
633 1740 675 1812 do
704 1739 976 1814 Chontiobltair
1005 1738 1039 1811 Ιι.
1064 1737 1269 1810 Maelaecltl
1287 1739 1325 1810 in
1343 1761 1365 1808 α
1383 1735 1556 1832 dhigkait
1608 1733 1732 1830 [Cnut
1747 1733 1848 1811 filius

269 1857 368 1929 Saini
385 1883 450 1931 rex
464 1859 654 1934 Saxonum
671 1861 840 1934 decessit.
860 1861 922 1954 (1)
979 1858 1114 1933 Cathal
1132 1861 1231 1931 filius
1256 1857 1480 1954 Amhalgadi
1510 1882 1576 1929 rex
1604 1854 1849 1931 occidentalia

270 1977 451 2076 Lageniae,
466 1997 504 2054 et
514 1982 593 2081 ejus
606 2008 709 2073 uxor,
725 1984 800 2056 fitia
814 1984 881 2055 filii
894 1981 1018 2055 Gildae
1033 1981 1170 2054 Kevini
1183 1979 1249 2052 filii
1262 1979 1461 2068 Kennethi,
1475 1992 1513 2052 et
1523 1980 1603 2078 ejus
1620 1979 1722 2052 canis
1737 2001 1850 2057 vena·

269 2101 377 2189 ticus,
403 2129 467 2178 seu
487 2121 671 2204 intingue,
693 2107 807 2182 occisi
824 2109 935 2182 simul
958 2106 1074 2180 afiiio
1101 2103 1270 2180 Cellachi
1297 2105 1365 2177 filii
1386 2103 1598 2179 Dunchadi.
1654 2102 1849 2178 Flahertac

268 2222 490 2316 O'Murcha,
529 2228 613 2302 Rex
643 2228 834 2304 Clienteloe
863 2231 1042 2328 Boghain,
1064 2255 1151 2304 cum
1177 2229 1305 2302 multis
1332 2229 1478 2303 occisus
1510 2241 1574 2302 est.
1628 2228 1772 2303 Jarnan
1799 2226 1848 2301 0’

269 2345 298 2417 1³
300 2347 493 2437 lannacan,
508 2349 725 2422 Persecutor
740 2351 958 2424 Sanctorum
974 2362 1012 2424 et
1031 2349 1208 2437 fidelium,
1228 2350 1331 2422 venit
1346 2349 1541 2423 devastans
1560 2350 1597 2422 in
1616 2349 1848 2439 Delviniam,

269 2469 390 2545 donec
409 2487 661 2570 opposuerunt
692 2498 769 2548 sese
796 2475 829 2549 ei
847 2473 1018 2547 Delvinii
1034 2497 1121 2546 cum
1148 2497 1217 2545 suo
1242 2471 1356 2570 Rege,
1376 2482 1414 2545 et
1430 2471 1615 2546 dederunt
1631 2471 1797 2569 pralium
1814 2470 1850 2546 ei

269 2609 307 2668 et
337 2596 557 2670 occiderunt
589 2597 796 2671 Jarnanum
827 2612 868 2671 et
901 2608 1049 2694 gtntem
1081 2596 1170 2695 ejus,
1208 2619 1272 2693 per
1304 2595 1537 2669 voluntatem
1571 2606 1853 2669 sanctorum.-.

270 2718 592 2815 RagnalO'Imar,
610 2720 692 2794 Rex
708 2719 972 2808 waterfordiae,
1010 2718 1156 2793 occisus
1175 2719 1213 2792 in
1232 2717 1427 2809 Dublinio,
1456 2742 1521 2816 per
1538 2717 1714 2795 Sitricum
1732 2717 1852 2795 filium

269 2841 416 2930 Amlafi,
458 2843 674 2917 Ardbrecan
703 2856 849 2917 vastata
882 2869 905 2916 a
933 2843 1067 2917 Sitrico
1099 2842 1176 2916 filio
1209 2841 1356 2914 Amlafi„
1410 2841 1569 2915 Sordum
1600 2841 1633 2914 S.
1653 2841 1850 2917 Columba

272 2965 485 3063 (oppidum)
516 2980 697 3042 vastatum
728 2983 767 3042 et
791 2967 1028 3042 combustum
1059 2991 1082 3040 a
1119 2963 1340 3040 Concobaro
1375 2962 1687 3054 O'Maeltechlan,
1717 2965 1765 3039 ad
1807 2965 1848 3039 id

271 3087 569 3185 vindicandum]

271 3213 340 3288 aa.
367 3218 483 3306 &m
502 3217 553 3293 hi.
624 3214 1220 3313 1131100010.ιιιωκνὶῑῑ.
1274 3213 1383 3289 Dom.
1419 3205 1454 3287 k„
1490 3213 1784 3288 Haathmharan
1814 3213 1852 3289 ri

272 3334 375 3409 Ferli
391 3361 410 3408 o
427 3337 691 3432 Dhalaraidhe,
726 3341 870 3439 Sgolog.
900 3344 933 3416 0.
952 3341 1166 3416 Flanaacan
1196 3340 1233 3412 ri
1257 3338 1407 3413 Tetbaa
1423 3363 1467 3413 sa
1522 3339 1655 3414 Domm
1675 3365 1720 3412 m
1738 3341 1850 3416 Flata
1867 3369 1884 3401 0

270 3461 435 3533 ridomna
452 3463 488 3534 T
481 3463 650 3536 ambracia
669 3490 688 3537 o
688 3462 822 3562 seroib
830 3461 996 3562 Breisne,
1014 3464 1169 3538 Murcia
1188 3463 1452 3561 thcappaill,
1466 3452 1849 3542 71110οΜ0100-

266 3584 377 3679 guita
394 3585 439 3658 da
457 3588 621 3660 ridonma
640 3589 777 3662 iartair
789 3586 990 3678 Connacht,
1017 3615 1037 3663 ο
1056 3615 1103 3664 ss.
1118 3615 1151 3662 0.
1169 3613 1196 3661 s.
1218 3584 1361 3661 Cadine
1385 3611 1433 3659 m.
1458 3585 1649 3681 Eignacan
1667 3610 1697 3659 r.
1718 3587 1853 3662 ceniuit

270 3705 373 3778 Enai
389 3706 492 3780 obiit.
535 3710 692 3782 Donum.
710 3735 755 3782 m.
775 3711 976 3808 Dunlaing
1001 3713 1040 3785 ri
1055 3713 1179 3808 Laing
1194 3713 1238 3784 do
1253 3712 1341 3784 dall.
1360 3712 1398 3782 la
1416 3709 1576 3782 Donnclae
1596 3734 1639 3782 m.
1661 3708 1846 3807 Gillapat.

269 3850 333 3899 con
344 3829 501 3901 derbailt
511 3831 562 3902 de.
580 3830 861 3906 Fluitltbertack
874 3835 948 3927 (mc
966 3835 1165 3907 Troadum*
1177 3830 1416 3923 interlineas)
1429 3829 1464 3904 h.
1478 3831 1713 3904 Neillairdri
1726 3833 1846 3928 Ailig,

270 3962 355 4046 post
372 3949 613 4046 penitentiam
631 3951 809 4048 optimam
835 3955 963 4054 iXpo
985 3981 1022 4052 q.
1075 3955 1226 4052 oengus
1257 3976 1335 4028 mac
1352 3953 1487 4028 Flainn
1522 3951 1620 4027 Com.
1654 3955 1852 4031 Brenaind

137 4073 153 4107 ⁴
272 4072 426 4163 Cluana,
446 4074 558 4149 Ceall.
580 4074 615 4147 h.
633 4075 748 4149 Sealb.
770 4077 867 4152 Com.
887 4077 1033 4171 Raima,
1054 4080 1094 4154 in
1118 4079 1260 4178 Xpoti
1315 4075 1504 4151 Ruaidleri
1529 4099 1609 4150 mac
1640 4077 1785 4174 Taidhg
1800 4103 1846 4154 m.

271 4195 430 4270 Lorcain
448 4199 490 4272 dv
504 4197 591 4271 dau.
611 4200 648 4274 la
666 4223 743 4272 mac
761 4200 1000 4276 Maitnambo.
1028 4202 1242 4300 [Donaldus
1259 4198 1569 4274 O'Huathmaran
1581 4198 1664 4274 Rex
1673 4201 1849 4278 Ferlensin

270 4518 314 4585 (1)
337 4515 444 4573 Omnia
457 4528 632 4576 concurrunt
646 4519 682 4576 ad
705 4519 955 4580 demonstrandum
978 4542 1025 4580 me
1040 4532 1117 4580 mete
1129 4528 1291 4588 annotasse,
1313 4519 1349 4578 ad
1363 4519 1452 4577 annos
1469 4526 1557 4591 1000,
1570 4528 1601 4578 et
1616 4525 1703 4589 1020,
1717 4518 1769 4576 hos
1784 4520 1846 4577 Au·

272 4610 360 4678 ⁰⁸¹0&
372 4628 391 4667 8
402 4611 539 4687 pmdicto
552 4632 627 4670 anno
645 4621 721 4671 1000
741 4635 807 4675 cum
824 4637 880 4674 aera
890 4634 1043 4675 commune
1062 4616 1170 4692 ubique
1185 4615 1348 4686 convenire,
1372 4615 1443 4673 obiit
1456 4615 1531 4673 enim
1545 4613 1653 4672 Cautus
1667 4617 1846 4686 ann01035,

271 4707 311 4763 uti
332 4715 412 4781 patet
424 4726 461 4764 ex
475 4705 576 4765 Utro».
588 4707 689 4769 Satan.
702 4730 730 4786 p.
748 4719 815 4782 154,
837 4722 919 4772 etex
942 4712 1099 4784 Floreiitio,
1122 4716 1142 4746 ‘⁸
1160 4712 1225 4769 Hoc
1240 4729 1326 4780 anno,
1347 4711 1365 4769 ii
1397 4711 1425 4769 d.
1441 4711 1516 4770 Nov.
1529 4709 1600 4770 feria
1610 4710 1648 4783 iv,
1664 4707 1773 4769 cnutus
1786 4710 1851 4770 Rex

270 4802 346 4880 apud
360 4799 588 4881 stagnatum
602 4804 661 4863 vita
672 4806 824 4868 decessit?
865 4808 941 4868 Fiat.
957 4809 1084 4886 il'igoru.
1099 4811 1136 4868 ad
1147 4827 1215 4868 ann.
1226 4814 1314 4882 1035,
1325 4827 1358 4887 p.
1368 4801 1439 4865 622.

1039 4909 1103 4960 'raa
