4446 6000
357 487 462 603 ull
797 521 1060 594 auulsas
1090 523 1492 590 ursourausxs.

357 719 428 800 att.
455 712 633 810 φῐηίῢ.
717 707 799 783 Kal.
816 710 899 784 Jan.
917 707 980 781 fer.
998 707 1045 781 iv.
1062 706 1156 780 Lun.
1174 707 1281 780 xxix.
1367 707 1569 781 Diarmuid
1599 732 1643 781 m.
1663 709 1946 793 Maetbrenains

359 842 458 918 Com.
497 833 693 921 Breoairtd,
725 832 911 929 [Vicarius
948 829 1161 921 Brendani,]
1205 829 1392 903 Fluitlreio
1429 832 1460 902 lr.
1482 827 1609 920 Curoc,
1648 833 1732 907 Atr.
1767 834 1939 924 Roiacre,

358 959 594 1063 [Praepositus
612 954 875 1048 Roscreensis,]
894 954 1046 1044 Dureau,
1069 954 1274 1051 Ardepscop
1292 952 1393 1028 Gall.
1411 952 1734 1055 [Archiepiscopus
1748 959 1941 1057 Alienige-

360 1084 519 1176 narum,]
531 1083 682 1156 Cormoc
695 1082 729 1153 Ιι.
742 1079 948 1165 Muelcluin,
969 1080 1028 1151 sui
1046 1078 1111 1150 ind
1121 1077 1221 1150 ecnoi
1238 1088 1261 1158 7
1281 1079 1318 1150 in
1337 1077 1457 1166 crull,
1484 1077 1642 1176 [sapiens
1660 1079 1698 1151 in
1717 1080 1888 1155 doctrina
1903 1095 1943 1157 et

349 1208 527 1314 .pietate‚]
544 1231 648 1280 suam
666 1205 780 1278 vitatu
808 1200 967 1275 feliciter
999 1198 1186 1272 finierunt.
1239 1200 1497 1275 Maelmorcllra
1516 1201 1611 1275 Com.
1629 1202 1738 1276 Ailbe
1753 1203 1951 1298 [Vicarius

359 1332 534 1426 Albeilio
549 1352 638 1428 pace
656 1326 807 1424 quievit.
864 1322 1045 1397 Cri-curce
1078 1322 1112 1394 t.
1132 1320 1246 1395 Ceull.
1266 1322 1363 1395 Com.
1377 1323 1503 1396 Moru
1517 1348 1552 1418 q.
1607 1324 1793 1419 [Vicarius
1822 1327 1940 1400 Marii

359 1455 532 1558 quievit]
590 1453 625 1526 A
630 1450 799 1524 rdmuclto
817 1450 859 1522 do
876 1445 1017 1520 loscadlt
1046 1445 1219 1518 diamuirt
1244 1445 1303 1516 ior
1331 1469 1364 1516 m
1380 1444 1586 1518 Beilltaine
1601 1471 1664 1519 con
1680 1471 1704 1519 a
1720 1449 1813 1521 uileb
1831 1463 1946 1546 temp-

360 1582 471 1670 loiblt,
485 1592 507 1659 7
519 1575 713 1663 clrlocaiblr,
734 1585 782 1653 7r
794 1570 925 1659 Roitlr,
945 1582 969 1649 7
989 1570 1102 1641 trion.
1124 1565 1351 1641 Cumuscaclt
1371 1568 1405 1639 lt.
1423 1567 1616 1641 ltErudou
1634 1592 1725 1643 cetto
1744 1571 1850 1645 boclt
1868 1573 1938 1646 Ere

358 1701 586 1805 [Ardmacba
600 1700 795 1775 combusta
822 1695 882 1771 die
912 1696 1052 1772 Martis
1065 1705 1149 1794 post
1168 1695 1287 1768 Baalis
1304 1696 1439 1793 ignem,
1476 1696 1500 1767 i.
1516 1719 1545 1769 e.
1568 1710 1652 1794 post
1666 1696 1823 1794 primum
1843 1697 1950 1772 diem-

361 1828 469 1916 Maii,
500 1850 587 1900 cum
619 1824 695 1897 suis
712 1821 885 1897 omnibus
906 1819 1094 1906 Ecclesiis,
1126 1830 1165 1891 et
1188 1818 1412 1916 campanilis,
1441 1831 1478 1891 et
1511 1819 1620 1911 Arce,
1652 1832 1691 1894 et
1712 1821 1939 1918 regionibus,

362 1974 427 2028 seu
453 1947 699 2022 divisionibus
716 1943 893 2018 ternariis
938 1939 1179 2015 Cumuscach
1210 1939 1411 2013 O'Erudan
1440 1953 1553 2037 caput
1576 1965 1774 2039 pauperum
1803 1945 1950 2020 Hiber·-

363 2071 453 2166 niae]
486 2082 570 2168 post
587 2067 826 2167 penitentiam
851 2064 1028 2162 optimam
1047 2065 1085 2136 in
1105 2088 1194 2162 pace
1212 2063 1366 2161 quievit.
1421 2063 1590 2160 Ragnall
1605 2063 1640 2135 l.
1659 2064 1855 2155 Motodau,
1886 2069 1946 2140 ri·

362 2195 521 2272 domina·
531 2193 637 2289 Ailig
652 2190 815 2287 [futurus
834 2189 915 2263 Rex
930 2187 1105 2280 Alicbiae]
1127 2188 1273 2261 occisus
1291 2199 1347 2260 est
1361 2211 1383 2258 a
1396 2185 1480 2258 suis.
1495 2184 1557 2280 (l)

362 2320 432 2400 litt,
460 2320 626 2411 ΝΜ,
679 2313 761 2387 Kal.
775 2313 859 2386 Jarr.
876 2310 932 2385 fer
943 2337 976 2383 v.
1000 2309 1093 2382 Lon.
1114 2338 1156 2383 x..
1207 2307 1408 2406 Gffruiglt
1423 2333 1469 2382 m.
1490 2333 1536 2383 m.
1556 2307 1746 2406 Rugnuill,
1766 2316 1802 2385 ri
1819 2313 1950 2387 Alba·-

362 2440 484 2528 cliatlt,
508 2439 608 2534 [Rex
621 2433 892 2531 Dublinii‚]‘(2)
924 2433 1064 2509 Cinocd
1075 2433 1109 2506 lt.
1129 2432 1326 2519 Coubeatlr,
1357 2431 1498 2506 toisuct
1514 2433 1813 2533 ceniuilBiunig,
1830 2436 1943 2532 [Dux

363 2561 545 2638 clientelae
562 2556 740 2655 biturigi]
773 2555 912 2628 mortui
939 2556 1204 2652 sunt—Sloglt
1236 2558 1274 2628 la
1292 2553 1536 2643 Tuirdellaclr,
1559 2567 1583 2634 7
1610 2558 1652 2628 lu.
1671 2555 1890 2652 L7lunoglra·
1913 2560 1951 2632 il

363 2679 622 2766 Leitlt-Cut'nd,
644 2703 682 2752 co
700 2678 962 2751 torracttadar
979 2680 1114 2753 co-Atlt
1130 2679 1348 2767 Fltirdcodlr,
1385 2704 1423 2753 co
1442 2679 1596 2754 tardtad
1610 2681 1803 2777 Airgiallu
1820 2684 1950 2756 muirtd·

363 2803 642 2877 Arda-mommo
656 2799 743 2895 for=
762 2802 1009 2876 Murcertoclt
1042 2803 1075 2875 l.
1095 2827 1129 2874 m
1148 2801 1295 2890 Brioin,
1328 2804 1375 2874 du
1408 2801 1617 2874 ilorcrudur
1634 2804 1685 2876 ili.
1742 2805 1883 2878 Donclt.
1906 2805 1950 2878 t..

366 2921 570 3004 Canonnun
589 2948 620 2997 r.
642 2923 789 2999 Conoill
801 2947 833 2996 ο.
849 2947 878 2996 e.
933 2923 1066 2997 Domlt.
1085 2949 1119 2997 m
1138 2924 1305 2996 Murcltu
1334 2924 1370 2995 ri
1401 2923 1621 3000 Atltacliutlt
1654 2929 1734 3001 doec
1761 2929 1803 3001 do
1830 2932 1945 3027 gatar.

367 3051 422 3126 tri
453 3050 608 3123 uoidltce.
627 3048 785 3123 Doutlm.
814 3048 848 3119 lt.
870 3046 1093 3122 Cuiudelbuu
1112 3048 1281 3123 domurblt
1305 3049 1347 3121 do
1379 3050 1557 3146 Airgiall.
1610 3050 1825 3149 [Exercitus
1854 3079 1955 3131 caut.

365 3398 384 3428 ‘¹
399 3394 519 3450 caudam
533 3393 691 3450 Ecclesiam
706 3394 735 3450 ὃς
749 3394 892 3462 Trinitati,
904 3394 951 3451 ubi
967 3394 1098 3454 formices
1109 3395 1167 3453 sire
1180 3394 1368 3463 mussant?
1390 3392 1682 3452 nisibenus-Sinicius
1696 3394 1746 3451 lric
1756 3414 1832 3452 auno
1849 3402 1951 3464 1041,

365 3489 449 3564 eique
463 3487 598 3544 successit
613 3486 751 3554 Amlalus,
765 3488 822 3544 sire
847 3488 982 3555 Aulavus,
1006 3508 1090 3563 quem
1117 3491 1288 3547 Caradocus
1315 3488 1792 3567 Alplredumperperatuappellat,
1813 3509 1875 3566 pag.
1888 3495 1939 3560 87,

364 3583 413 3642 obi
427 3582 519 3658 inquit
541 3581 691 3638 Conanurn
716 3582 861 3658 rip-dago,
886 3582 991 3639 Amlafi
1006 3584 1167 3650 Generum,
1195 3585 1283 3662 copiis
1299 3586 1427 3644 Dubliuii
1443 3585 1578 3654 collectis,
1604 3584 1632 3641 in
1648 3584 1778 3642 Walliarn
1795 3585 1942 3661 trajecisse

363 3677 630 3750 contraGruffinum
642 3679 688 3754 Ap
704 3678 865 3756 Llewellprt‚
876 3679 923 3755 qui
939 3670 1140 3749 venedorum,
1153 3681 1272 3743 Cosano
1285 3682 1403 3758 prologo
1417 3685 1554 3754 debitam,
1568 3682 1722 3759 usurpauit.
1766 3683 1838 3741 Haec
1853 3683 1953 3745 habet.

363 3775 526 3834 Caradoctts
539 3775 577 3833 ad
586 3794 652 3833 ann.
662 3781 750 3842 1041,
762 3787 860 3851 postea
871 3777 906 3833 ad
921 3794 986 3834 ann.
1001 3782 1088 3845 1050,
1098 3777 1189 3854 inquit
1202 3777 1323 3835 eundern
1333 3778 1494 3846 Coranum,
1505 3797 1572 3836 cum
1587 3778 1756 3846 aliaclasse,
1767 3797 1787 3836 o
1797 3779 1938 3837 Dublinio

365 3871 666 3948 Walliantperveuisso
679 3882 712 3932 ut
726 3871 916 3931 Vartedotiom
932 3883 1123 3948 recuperaret.
1156 3873 1210 3930 Sed
1227 3873 1355 3929 maxima
1365 3885 1445 3949 parte
1460 3873 1555 3931 classis
1566 3871 1725 3942 amissa,ad
1740 3874 1825 3931 litora
1840 3875 1945 3932 lliber-

342 3981 344 3983 ’
363 3968 621 4044 nica„tempestate
636 3967 786 4041 rejectum,
800 3969 895 4026 denuo
910 3967 1152 4044 rediisse-Ergo
1175 3968 1313 4029 iureabos
1336 3968 1453 4029 Sitricos
1475 3980 1586 4029 tautum
1602 3968 1688 4027 distat
1710 3980 1851 4045 quantum
1869 3971 1954 4031 iuter.

364 4067 704 4133 auuoslodlgetww.

365 4158 413 4227 (l)
438 4157 502 4214 Hoc
516 4175 591 4214 anuo
603 4159 674 4217 obiit
696 4158 836 4227 Donatus,
850 4160 888 4217 al.
898 4159 1058 4227 Duronius,
1069 4159 1414 4237 Ostmaunorumprimtu
1437 4160 1594 4238 Episcopus
1607 4158 1811 4227 Dubliniensis,
1837 4170 1865 4215 ct
1879 4166 1951 4217 tumr

363 4249 508 4308 Patricius
518 4251 644 4326 quidam,
658 4255 757 4312 itidem
773 4255 958 4327 Ostmannus,
973 4257 1081 4315 electus
1096 4276 1114 4313 a
1127 4256 1369 4325 Dubliniensibus,
1384 4257 1413 4314 in
1429 4257 1560 4332 Angliam
1574 4257 1673 4314 missus
1683 4266 1734 4322 est,
1748 4275 1766 4312 a
1778 4255 1936 4310 lanfranco

361 4347 567 4413 Cantuaricuse
578 4349 797 4418 consecrandus,
821 4353 860 4408 uti
876 4364 990 4410 constat
1011 4372 1048 4410 ex
1070 4372 1168 4410 eorum
1191 4352 1319 4427 Epistola
1331 4352 1370 4408 ad
1384 4350 1696 4410 Larrfrancumeditaa
1711 4350 1819 4406 Waraeo
1839 4348 1944 4425 Autiq.

361 4462 390 4520 p.
406 4449 473 4501 118.
517 4440 624 4498 Eodem
640 4459 715 4500 auno
731 4443 870 4502 Patricius
880 4446 929 4502 ille
946 4447 1067 4505 londini
1080 4459 1262 4507 consecratus
1277 4457 1330 4517 est,
1345 4449 1385 4505 uti
1401 4458 1479 4522 patet
1493 4466 1530 4504 ex
1543 4445 1678 4506 Clroaico
1687 4442 1786 4500 Sason.
1799 4460 1861 4518 pag,
1875 4447 1956 4511 178,

361 4550 391 4596 ot
400 4559 438 4596 ex
451 4537 579 4613 ejusdem
600 4535 718 4594 Patricii
728 4537 908 4612 ,professione
923 4542 1205 4619 obedieritiae,.quum
1224 4562 1260 4601 ex
1269 4554 1379 4602 vetusto
1393 4542 1505 4600 Codice,
1515 4542 1688 4599 Cottoniarto
1700 4538 1790 4596 edidit
1802 4537 1957 4611 Uaccius,

360 4632 459 4690 vater.
473 4634 562 4711 Epist.
576 4631 689 4710 Sylloge
700 4631 746 4690 ed.
759 4633 847 4691 Dubl.
863 4629 950 4702 1632,
964 4652 993 4708 p.
1001 4632 1051 4704 68,
1064 4634 1114 4707 69,
1135 4658 1203 4698 arar.
1217 4643 1304 4701 1074.

364 4726 410 4799 (t)
420 4726 580 4788 ,Clronicort
594 4727 719 4791 Moroioe
729 4729 765 4786 ad
776 4747 883 4790 aunum
903 4725 977 4787 1066
989 4731 1142 4806 inquit—“
1154 4734 1334 4802 Godredum,
1358 4733 1417 4792 sive
1430 4730 1601 4790 Gothricurn
1618 4739 1809 4808 cognomento
1824 4728 1955 4806 erosas,

362 4824 490 4899 “regeut
506 4823 642 4892 Manniae,
656 4824 820 4900 subjugasse
830 4823 880 4883 sibi
897 4823 1077 4896 Dublirrium‚
1088 4838 1119 4886 et
1132 4847 1260 4905 nagnam
1272 4842 1383 4904 partem
1400 4829 1435 4886 de
1446 4826 1625 4903 Lapoester.’'
1667 4828 1795 4885 Eundem
1809 4831 1829 4860 “
1841 4825 1949 4902 rogem

360 4915 518 4990 Hibemloe''
542 4917 667 4998 appellat
691 4919 868 4980 lanfrancus
888 4920 918 4979 in
938 4920 1065 4999 Epistola
1079 4923 1187 4981 editas
1211 4922 1344 4999 Buronio,
1359 4937 1428 4984 totu.
1444 4925 1474 4982 xi
1500 4923 1607 4982 Annal.
1622 4934 1652 4982 et
1660 4921 1963 5002 .irr.Usserii‚Syllogs,‚
