4446 6000
373 529 480 627 312
834 555 1096 622 cursurus
1136 551 1540 617 nnrournusns.

373 735 410 809 S.
429 733 592 824 Patricii,
613 742 724 829 caput
742 732 958 805 clericorum
971 731 1226 806 Occidentalis
1243 732 1355 829 partis
1372 730 1635 829 septentrionis
1647 728 1804 827 Europae
1823 727 1953 819 totius,

374 859 414 934 iu
433 881 597 933 xxanno
609 855 844 953 Principatus
869 856 936 944 sui,
956 856 1066 928 tertio
1084 879 1200 927 nonas
1215 857 1237 930 J
1245 855 1330 943 unii,
1352 854 1412 926 uie
1439 853 1574 952 jejunii
1587 866 1673 927 ante
1689 853 1951 940 Pentecosten,

379 983 417 1056 in
440 981 589 1055 Christo
607 978 759 1076 quievit.
811 979 995 1076 Arualgarl
1015 991 1167 1052 evectus
1190 980 1234 1051 ad
1255 977 1485 1052 Vicariatum
1520 976 1553 1048 S.
1574 974 1736 1066 patricii,
1768 974 1955 1049 consenti-

380 1105 448 1178 bus
470 1102 589 1176 Laicis
617 1115 655 1175 et
680 1101 801 1175 Clero.
861 1098 1063 1173 Finuloech
1083 1100 1178 1174 lilius
1198 1101 1369 1174 Roderici
1399 1100 1481 1172 Rex
1497 1099 1668 1172 Albauiae
1682 1123 1704 1172 a
1718 1097 1791 1172 suis
1805 1096 1955 1170 occisus

378 1241 444 1302 cst.
496 1226 577 1300 Aed
594 1223 855 1313 O'Inrechtarl,
875 1249 938 1296 rex
960 1221 1188 1296 Methiorunr
1207 1224 1354 1297 occisus
1370 1248 1391 1295 a
1406 1221 1634 1314 Niallaniis.]

381 1353 449 1428 fin.
478 1356 573 1444 φη
590 1351 617 1426 ι’.
672 1349 731 1421 Kl.
748 1349 832 1422 Jau.
855 1345 919 1420 fer.
940 1347 961 1419 i.
979 1334 1073 1419 L'un.
1094 1347 1174 1420 xiii.
1228 1348 1349 1421 Maid.
1370 1347 1427 1420 rio
1446 1370 1469 1416 u
1495 1345 1665 1441 Uglrairc
1682 1369 1725 1418 m.
1745 1343 1951 1439 Dunlaing,

379 1474 416 1546 ri
433 1472 565 1568 Luing,
577 1469 644 1568 for
661 1470 800 1546 Sitriuc
815 1497 860 1543 m.
874 1471 1046 1559 Annum,
1070 1472 1105 1544 ri
1120 1470 1349 1558 Athacliatlr,
1383 1495 1423 1544 oc
1441 1494 1486 1542 on
1506 1468 1666 1564 Deilgne
1686 1467 1956 1564 Magios-oc.—

382 1595 474 1669 Fros
491 1596 723 1668 cruitueclrtu
742 1591 958 1692 dofrostuiu
976 1595 1013 1667 in
1032 1594 1269 1692 Osroiglriblz.
1325 1593 1440 1667 Crecb
1460 1598 1496 1666 la
1508 1615 1586 1666 mac
1601 1592 1706 1665 Aeda
1721 1593 1756 1665 Ιι.
1774 1591 1879 1665 Neill
1890 1593 1959 1664 dar

368 1700 711 1808 ,tuimur-thatun,
732 1717 867 1790 buturi
884 1720 981 1814 muig
996 1721 1010 1791 i
1016 1720 1156 1808 tocius,
1177 1731 1198 1798 7
1219 1718 1423 1792 romulus
1438 1720 1475 1789 in
1494 1715 1651 1812 truderg
1667 1717 1680 1787 i
1698 1714 1956 1804 contoirrecltt,

284 1922 300 1939 Ἢ
382 1843 660 1918 conilairtlreter
675 1843 710 1913 b.
731 1841 868 1931 Meist,
890 1853 913 1920 7
935 1842 1190 1938 Mugltdorna,
1208 1853 1232 1922 7
1256 1867 1303 1914 nu
1321 1842 1455 1929 Scitne,
1474 1854 1496 1920 7
1505 1841 1566 1938 fir
1583 1838 1862 1933 Fermnlsuiglte‚
1884 1840 1958 1919 7b.

385 1965 551 2040 Dortain
568 1989 665 2038 cona
679 1966 860 2063 rigbaiblt.
905 1966 1020 2038 Iloboi
1033 1967 1102 2038 don
1118 1966 1153 2039 b.
1171 1966 1387 2051 Cuileclznir,
1409 1977 1431 2043 7
1450 1966 1484 2036 le.
1504 1964 1647 2036 Lorcan
1665 1963 1767 2035 conis
1786 1963 1847 2035 uio
1861 1963 1958 2036 Bre-

382 2089 464 2178 sail,
478 2100 499 2169 7
512 2112 576 2162 con
595 2089 617 2160 b
635 2089 693 2162 uib
705 2089 888 2180 Niollus'n,
902 2114 970 2162 ura
985 2091 1068 2162 cinn
1083 2115 1131 2162 on
1143 2089 1274 2162 oenacls
1293 2088 1445 2176 Mulio,
1464 2112 1503 2160 co
1520 2087 1772 2182 conruugadar
1785 2087 1861 2159 uile
1876 2087 1953 2175 ime,

383 2239 424 2288 co
443 2237 509 2286 rue
524 2213 747 2286 mucAedlra
765 2237 787 2286 a
802 2213 955 2309 gubbail
971 2213 1147 2287 toirrsibb
1166 2215 1248 2300 uile,
1268 2222 1292 2291 7
1307 2215 1345 2284 ni
1364 2213 1488 2286 ruiblrc
1501 2213 1585 2285 uelit
1601 2213 1646 2284 da
1664 2237 1718 2283 xx
1737 2213 1804 2306 cleg
1817 2211 1958 2306 oglacb,

384 2349 407 2418 7
439 2339 481 2411 do
513 2338 598 2410 clzer
620 2338 711 2410 such.
730 2352 853 2410 etorru
871 2334 939 2433 sor
968 2341 1028 2411 lar
1057 2338 1182 2434 ocuuig
1207 2336 1359 2426 Macra,
1390 2337 1444 2432 [Ι.
1464 2333 1691 2428 Ardmoclra]
1728 2333 1780 2407 sic
1812 2334 1849 2405 in
1870 2332 1963 2406 libro

387 2461 631 2536 Duibrlaleiti.
685 2461 887 2535 Brauucun
918 2464 951 2533 Ιι.
974 2462 1193 2550 Moeluider,
1227 2459 1338 2532 Airri
1354 2460 1470 2549 Mire,
1502 2448 1549 2533 do
1564 2459 1650 2532 batt
1666 2460 1726 2532 dia
1741 2459 1917 2534 bealtuine
1935 2460 1965 2531 il

389 2586 469 2658 loclr
487 2586 662 2658 Aiuuind.
685 2585 858 2682 Ambalg.
879 2584 975 2659 Com.
995 2586 1086 2660 Pas.
1106 2585 1149 2656 do
1165 2585 1230 2656 dul
1247 2584 1283 2656 in
1302 2583 1500 2657 Mumlsuin
1518 2607 1547 2655 c.
1574 2606 1622 2655 na
1644 2606 1712 2655 cur
1734 2605 1775 2655 co
1791 2595 1963 2657 locutor·

389 2707 546 2780 clruuirt.
569 2708 683 2782 Ceall.
697 2710 730 2781 lr.
749 2708 957 2805 Catusaigls
973 2710 1010 2781 ri
1024 2732 1072 2780 na
1088 2707 1216 2781 Saltus
1229 2708 1386 2780 domarb.
1403 2709 1444 2780 do
1461 2708 1584 2781 chenel
1602 2709 1693 2805 Eog.
1717 2709 1811 2781 Mac
1828 2706 1963 2781 Flainn

390 2854 435 2902 m.
461 2831 727 2906 Maelseclrlain
757 2835 811 2928 [·s'·
830 2832 1011 2906 Ridomno
1024 2831 1237 2923 Temtract]
1262 2831 1418 2904 domarb.
1439 2833 1461 2905 i.
1483 2834 1604 2912 Aed7
1620 2832 1727 2906 Dom.
1743 2833 1777 2905 b.
1798 2832 1965 2904 Murcia

395 2977 430 3026 o.
450 2979 477 3026 s.
532 2954 717 3050 [Victoria
733 2969 837 3054 parta
860 2979 924 3054 per
946 2953 1158 3053 Ugharium
1185 2953 1301 3027 filiurn
1322 2954 1527 3051 Dnnlangi,
1562 2945 1701 3053 Regem
1720 2954 1900 3052 Lageuiae,
1919 2956 1966 3029 de

392 3074 528 3150 Sitrico
545 3077 623 3151 filio
638 3077 783 3169 Amlafi,
807 3078 910 3177 Rege
928 3077 1110 3167 Dublinii,
1132 3077 1229 3176 apud
1254 3074 1647 3176 Delgne·Moghoroc.
1700 3076 1833 3152 Pluvia
1849 3078 1967 3153 tritici

391 3198 488 3297 pluit
506 3199 546 3273 in
565 3200 723 3276 Ossoria„
760 3201 963 3276 Exercitus
981 3227 1067 3277 cum
1085 3201 1164 3275 lilio
1181 3201 1276 3275 Aedi
1297 3200 1450 3273 O’Ncill
1467 3201 1564 3274 ultra
1580 3201 1767 3299 regionem
1784 3200 1968 3275 Dortrau·

394 3345 509 3411 orum,
538 3321 691 3397 fuerunt
721 3324 760 3396 in
781 3324 934 3421 planitie
963 3325 1001 3397 in
1029 3322 1182 3414 Techta‚
1215 3336 1254 3397 et
1270 3322 1492 3397 occiderunt
1511 3323 1700 3422 Ictbderg
1717 3323 1754 3396 in
1771 3324 1967 3416 conflictu,

389 3442 511 3515 donec
536 3460 789 3540 opposuerunt
805 3470 881 3519 sese
904 3448 937 3520 ei
964 3447 1124 3536 Meitlrii,
1145 3461 1183 3521 et
1212 3445 1472 3545 Mughdornii‚
1489 3461 1529 3519 et
1555 3444 1695 3535 Saitnii,
1726 3458 1763 3518 et
1786 3446 1854 3517 viri
1880 3446 1968 3519 Fer·

391 3552 583 3654 rnoienses,
614 3579 651 3638 et
668 3566 893 3641 O'Dortauii
910 3593 995 3642 curn
1015 3568 1088 3643 suis
1107 3568 1286 3667 Regibus.
1341 3571 1503 3644 Fuerunt
1531 3568 1583 3642 ibi
1612 3569 1658 3642 dc
1676 3568 1964 3662 O'Celechariis,

333 3712 337 3718 ·
390 3686 637 3763 etO'Lorcau
658 3691 988 3782 cumO'Bresaliis,
1009 3703 1151 3767 etcum
1177 3692 1423 3785 O’Neillauis,
1454 3692 1602 3767 obviam
1618 3716 1656 3766 se
1673 3707 1901 3790 opponentes
1920 3696 1965 3785 ei,

390 3811 485 3908 apud
515 3813 702 3888 nundinas
729 3814 904 3913 planitiei,
932 3816 996 3914 qui
1014 3817 1192 3917 impetum
1210 3817 1381 3893 feceruut
1405 3841 1533 3891 omnes
1557 3815 1668 3890 simul
1686 3842 1724 3889 ru
1742 3839 1839 3890 euru.
1891 3818 1969 3892 Ab·

391 3933 500 4008 stulit
518 3936 616 4010 filius
631 3937 727 4013 Aedi
744 3963 826 4012 suas
844 3940 983 4038 praedas
999 3941 1045 4014 ab
1063 3940 1106 4015 iis
1123 3940 1306 4033 omuibus,
1324 3952 1362 4014 et
1377 3965 1453 4014 uon
1467 3940 1621 4015 fuerunt
1639 3943 1747 4036 (curn
1762 3939 1826 4036 eo)
1846 3943 1969 4040 plures

388 4084 498 4159 quam
517 4062 790 4163 quinquaginta
806 4062 885 4156 viri,
899 4062 1071 4161 juvenes,
1090 4081 1128 4139 et
1155 4064 1270 4138 occisi
1296 4076 1386 4136 sunt
1403 4063 1551 4164 plurimi
1569 4064 1754 4154 intereos,
1784 4063 1824 4137 in
1848 4064 1970 4138 medio

388 4390 408 4428 ‘⁴
423 4396 454 4444 et
469 4385 598 4444 Ecclesia
618 4388 711 4446 Saxea
724 4391 874 4461 cimitaerii,
896 4405 926 4451 et
941 4393 1072 4451 Ecclesia
1087 4393 1281 4461 Sabbalensis,
1292 4391 1323 4466 (i.
1333 4411 1359 4450 c.
1374 4391 1523 4465 Grcnsrii)
1537 4401 1566 4449 et
1582 4388 1847 4450 vetusracuhedm
1859 4389 1972 4446 Docto·

388 4495 407 4524 “
423 4509 497 4560 rum,
511 4508 560 4547 scu
574 4490 807 4562 Praedicutorum,
833 4505 862 4550 et
877 4494 984 4552 Esseda
999 4497 1136 4566 libbeus,
1161 4507 1191 4554 et
1204 4497 1268 4555 libri
1282 4496 1311 4554 in
1326 4495 1457 4555 domibus
1471 4493 1676 4563 Professorurn,
1690 4504 1757 4552 cuni
1769 4489 1876 4567 ingenti
1886 4482 1974 4566 copis

388 4591 408 4629 ‘-‘
422 4588 498 4657 auri,
511 4586 670 4664 augenti,
681 4600 710 4644 et
723 4589 856 4646 omuibus
868 4592 950 4646 rebus
962 4593 1092 4665 pretiosis
1106 4591 1243 4650 similiter.
1278 4590 1422 4649 Scrinium
1436 4590 1563 4658 Potricii,
1576 4601 1605 4648 et
1620 4589 1828 4666 llcliquiruiurn
1842 4584 1972 4654 Patricii,

391 4694 410 4724 ‘⁸
425 4691 532 4750 (lictum
548 4689 768 4765 finsrsoideact
782 4692 925 4769 direptum
940 4693 1144 4765 sGentilibus,
1158 4707 1187 4752 et
1199 4698 1235 4753 ab
1246 4695 1411 4766 O'Adithis,
1426 4706 1455 4753 et
1466 4697 1503 4753 ab
1518 4694 1619 4751 incolis
1632 4691 1773 4752 inferioris
1786 4688 1913 4758 Euclida,
1925 4676 1974 4764 qui

391 4789 410 4825 ‘t
425 4787 602 4844 abstulerunt
615 4793 675 4851 700
690 4790 776 4845 boves
786 4783 1046 4861 secum.”]-Vide
1059 4807 1123 4865 quae
1134 4790 1169 4847 de
1183 4792 1307 4859 turribus
1322 4792 1451 4849 rotundis
1462 4790 1541 4850 dicta
1556 4789 1671 4848 suntad
1685 4807 1777 4848 anuos
1791 4780 1878 4858 1016,
1902 4772 1973 4861 995}

386 4884 412 4937 ,ὕ
425 4893 457 4944 es
466 4886 536 4950 949,
558 4893 588 4941 ct
600 4901 663 4960 quae
676 4885 711 4942 dc
724 4883 779 4943 hoc
791 4903 866 4943 anno
880 4883 1033 4947 dictasunt
1044 4884 1074 4943 in
1087 4895 1156 4943 notu
1168 4885 1205 4943 cd
1219 4904 1287 4947 eun.
1304 4892 1391 4952 1014.
