4446 6000
737 576 1003 656 'euersos
1042 580 1442 656 antonienses.
1797 548 1894 663 113

324 771 365 847 in
398 795 471 870 quo
499 775 651 868 nepotes
667 766 809 843 Briuin
825 769 916 844 victi
934 782 1030 844 sunt.
1085 767 1295 865 Cothmugd
1312 793 1390 843 mac
1418 766 1727 868 Dainneotdoigd,
1747 784 1771 852 7
1786 774 1895 847 Dub-

323 895 488 991 dibeirgg
504 915 582 965 mec
601 888 753 965 cattoit
773 891 932 964 invicem
948 891 1171 967 ceciderunt.
1225 892 1515 967 Dubdabairenn
1532 893 1603 967 Ab.
1624 893 1747 970 Cluen
1765 900 1899 974 Ireird
1918 886 1921 891 ¹

321 1016 536 1089 advisitavit
573 1014 760 1113 paruciam
794 1013 926 1088 Crieue
961 1013 1122 1087 Muman
1154 1013 1359 1111 [Regionis.
1378 1015 1605 1110 Momoniae.]
1653 1019 1714 1090 Ar
1748 1021 1899 1114 [cades]

320 1153 499 1238 nepotum
518 1137 657 1211 Briuin
674 1138 722 1210 lea
744 1137 843 1225 Mal,
864 1154 909 1234 ap
927 1137 1018 1235 [per]
1035 1148 1183 1235 nepotes
1202 1137 1406 1215 Fiaedrecd
1429 1143 1608 1232 Menace,
1644 1141 1707 1215 ubi
1730 1142 1895 1217 homines

319 1262 448 1361 optimi
468 1262 566 1335 eirca
590 1261 728 1357 Regem
757 1257 1009 1354 Flutlrgalnm,
1036 1258 1150 1331 filium
1185 1259 1432 1337 Flonnadruit
1456 1264 1677 1338 ceciderunt.
1732 1265 1893 1341 Rechts-

321 1383 390 1456 bra
408 1408 486 1456 mac
503 1382 786 1457 Duibtctobair
804 1379 873 1452 Ab.
893 1379 1076 1455 Ecdroern
1093 1380 1193 1454 obiit.

319 1509 389 1585 811.
405 1505 483 1582 Rtt
500 1507 577 1588 lm
594 1506 660 1581 tit
729 1504 832 1576 Mors
850 1502 1047 1577 Maeldniu
1066 1526 1120 1576 mc
1146 1505 1250 1576 Aede
1268 1505 1428 1580 Alddain
1454 1507 1549 1606 regis
1582 1510 1646 1583 ind
1659 1509 1785 1585 Foclai
1799 1500 1894 1609 ι[Ρο-

322 1631 400 1704 cliae
419 1629 603 1726 regionis]
654 1628 758 1700 Mors
795 1625 958 1723 Cernaig
987 1651 1043 1699 mc
1078 1623 1237 1698 Cattae.
1292 1627 1396 1700 Mors
1428 1630 1601 1726 Ectgoile
1623 1633 1685 1705 filii
1711 1634 1804 1708 Bait
1820 1638 1891 1710 Ab.

319 1751 497 1824 Mmcirt.
519 1749 626 1823 Luna
644 1748 752 1822 rubra
762 1749 799 1821 in
817 1747 1091 1821 similitudinem
1110 1747 1296 1843 sanguinis
1314 1749 1376 1821 xii.
1392 1749 1472 1822 Kal.
1492 1752 1627 1826 Martii.
1642 1755 1703 1850 (l)
1732 1757 1892 1834 Moeoae

318 1872 445 1946 Abbas
465 1870 595 1969 Saigre
617 1871 780 1945 moritur.
836 1869 978 1944 Coluim
1011 1856 1090 1942 ma'c
1107 1867 1291 1965 Faelgusa
1309 1870 1397 1967 Epis
1414 1872 1550 1946 Lothri
1567 1878 1729 1950 moritur.
1784 1879 1889 1956 Mors

318 1994 464 2072 Guarie
496 2019 550 2069 nie
568 1995 792 2092 chngaloig
827 1995 937 2093 Regis
965 2003 1142 2090 nepotum
1160 1989 1297 2064 Briuin
1316 1990 1487 2066 Cualamr
1506 1996 1754 2090 [Brinniorum
1773 2001 1897 2100 Regis

317 2121 396 2194 onis
416 2120 587 2214 Cualan.]
606 2121 663 2217 (a)
702 2120 927 2194 Dubdutrcat
945 2114 1150 2213 Episcopus
1170 2112 1296 2186 Abbas
1319 2114 1447 2189 Ratio
1464 2119 1585 2192 Aidlro
1610 2134 1747 2218 pausat.
1802 2124 1882 2200 Lex

321 2242 474 2318 Ciarein
494 2241 574 2342 for
610 2245 797 2320 Constitu
825 2239 985 2339 [Regula
1017 2235 1230 2310 Monastica
1249 2233 1405 2310 Ciceroni
1436 2240 1596 2315 stabilita
1618 2242 1658 2333 in
1675 2244 1895 2343 Connacia.]

320 2367 542 2441 Combustio
558 2368 680 2441 Deire
696 2366 864 2462 Calgaid.
895 2359 960 2458 (3)

317 2492 387 2570 aa
414 2487 583 2573 Dalm
602 2491 681 2566 otti.
758 2488 863 2560 Mors
881 2483 1104 2579 Murgdeile
1120 2480 1190 2556 Ab.
1213 2479 1360 2558 Cluana
1378 2509 1432 2559 mc
1452 2483 1595 2561 Cunoir.
1637 2485 1894 2574 Fiachneeme

319 2611 419 2685 Aede
434 2613 538 2686 Roen
555 2636 620 2686 rex
639 2611 700 2685 Ul.
721 2609 881 2683 moritur.
937 2605 1079 2681 Fedacd
1097 2630 1151 2679 me
1170 2602 1338 2680 Cormaic
1351 2608 1421 2681 Ab.
1438 2610 1628 2706 Lagnum,
1659 2622 1683 2692 7
1701 2611 1833 2704 Sloine,
1864 2624 1888 2694 7

317 2733 531 2823 Doimliacc,
551 2745 576 2813 7
594 2731 805 2828 Sloigedech
822 2753 887 2802 rex
905 2727 1066 2801 Conailli
1083 2751 1170 2799 mor.
1193 2740 1290 2800 sunt.
1337 2728 1519 2828 Gormgal
1547 2758 1602 2806 mc
1626 2734 1791 2830 Eledaig
1822 2760 1887 2809 rex

319 2853 507 2928 Cuodhbei
523 2854 586 2950 (4)
607 2854 647 2925 in
662 2851 839 2925 clericatu
859 2849 959 2922 obiit.
1012 2845 1225 2945 Feffugaill
1241 2847 1316 2945 Eps
1338 2848 1481 2925 Cluuno
1498 2854 1649 2929 dolcnin.
1706 2858 1888 2931 Combus-
1976 2933 1979 2938 ,

314 2977 368 3052 tio
387 2973 732 3051 Cluanolruirdin
749 2982 860 3043 nocte
878 2970 1026 3042 Pascae.
1063 2967 1144 3040 Nix
1162 2992 1295 3065 magna
1311 2971 1417 3044 tertio
1434 2974 1515 3047 Kal.
1528 2974 1630 3051 Maii.
1679 2978 1887 3052 Contencio

314 3099 353 3172 in
369 3100 405 3174 A
409 3100 574 3172 rdmaeee
590 3095 629 3166 in
646 3118 719 3188 qua
730 3091 923 3189 jugulatur
944 3088 1000 3160 vir
1017 3089 1055 3161 in
1069 3089 1188 3163 hostio
1205 3091 1328 3185 [ostio]
1344 3094 1490 3166 oratorii
1509 3095 1650 3191 lapidei.
1697 3097 1756 3192 (5)
1811 3098 1885 3172 Bel.

315 3221 411 3295 inter
444 3218 538 3292 Ulla
569 3211 835 3311 [Ultonienses]
864 3209 1032 3298 invicem,
1062 3211 1199 3304 inquo
1233 3214 1369 3285 cecidit
1399 3216 1582 3289 Tomnltae
1615 3241 1694 3290 ntae
1722 3216 1886 3290 Catdoil.

315 3342 464 3416 Ecduid
481 3340 601 3413 victor
617 3337 700 3414 fuit.
755 3333 903 3409 Occisio
924 3330 1068 3405 Cluano
1074 3328 1208 3428 sertae
1227 3328 1411 3427 Mongoin
1428 3330 1582 3427 [Moluae
1596 3334 1625 3427 ?]
1643 3338 1679 3406 le
1696 3334 1811 3431 [facta
1827 3338 1889 3430 ab]

317 3462 465 3559 Oengus
482 3484 561 3533 ntae
576 3458 771 3555 Mugroin,
792 3457 829 3530 in
862 3480 935 3553 qua
945 3454 1081 3528 cecidit
1096 3453 1179 3526 Aea
1192 3478 1271 3552 mae
1285 3454 1320 3526 T
1316 3456 1501 3551 omultuig,
1527 3466 1551 3535 7
1568 3459 1767 3531 oratorium
1785 3484 1886 3533 com-

316 3583 476 3656 bustum.
531 3580 606 3653 Bel.
621 3579 715 3653 inter
732 3577 856 3651 Pictos
871 3577 934 3650 ubi
952 3575 1087 3650 Conall
1101 3601 1179 3651 mee
1196 3577 1231 3649 Τ
1226 3575 1312 3671 oidg
1327 3576 1447 3649 vietus
1466 3591 1529 3665 est,
1550 3591 1587 3652 et
1605 3581 1728 3671 evasit,
1750 3592 1773 3661 7
1792 3581 1887 3656 Con·

314 3706 457 3779 stantia
473 3702 593 3775 victor
608 3699 691 3774 fuit,
730 3700 804 3772 Bel.
824 3698 978 3795 Cloitigi
998 3699 1091 3772 inter
1107 3723 1223 3796 genus
1239 3698 1389 3793 Eugeia
1406 3709 1428 3777 7
1449 3698 1603 3788 Conuill,
1624 3701 1661 3772 in
1680 3727 1753 3796 qno
1770 3728 1886 3799 genus

313 4018 357 4090 (1)
378 4014 498 4092 Eciipsis
517 4015 592 4071 lunae
611 4012 706 4070 totalis
719 4011 829 4083 incidit,
840 4032 914 4071 aurio
929 4014 1243 4082 rememorantes,
1258 4013 1287 4068 in
1301 4012 1377 4070 diem
1389 4008 1428 4068 96
1442 4013 1525 4072 Febr.
1580 4013 1638 4068 Art
1655 4013 1688 4069 de
1701 4013 1783 4072 V.les
1796 4016 1888 4082 detes,

316 4124 338 4172 t.
354 4121 380 4182 t,
395 4131 421 4186 p.
431 4106 481 4172 67.
522 4106 685 4164 Concordat
709 4124 798 4163 annus
812 4117 842 4163 et
857 4109 958 4165 mensis
980 4108 1199 4177 Ultonieusiurn,
1219 4107 1265 4162 sed
1282 4125 1337 4164 noo
1350 4107 1419 4171 dies,
1434 4124 1498 4163 cum
1514 4113 1549 4164 12
1569 4106 1633 4163 Kal.
1647 4108 1745 4165 Martii
1769 4111 1805 4166 sit
1827 4111 1885 4168 dies

315 4208 398 4265 Febr.
413 4211 459 4262 18.
501 4200 646 4278 Higdenur
660 4200 687 4257 in
699 4199 873 4275 Polychron.
886 4203 922 4259 ad
934 4221 1001 4260 nnn.
1014 4207 1072 4265 787
1083 4203 1234 4278 iuquit-“
1255 4201 1366 4276 sanguis
1376 4201 1411 4256 de
1422 4199 1520 4256 caelol’

316 4303 364 4375 (2)
388 4297 482 4357 Hodie
494 4302 513 4330 “
528 4296 574 4355 tlte
587 4294 718 4371 o'Bprnes
729 4291 765 4370 of
772 4293 818 4350 the
832 4291 863 4352 C.
878 4294 914 4373 of
922 4295 960 4351 W
959 4295 1080 4353 iedlew.”

318 4397 366 4470 (3)
391 4395 485 4453 Hodie
511 4391 620 4467 Derry,
656 4389 864 4449 Monosterium
891 4390 1116 4467 antiquissimum
1144 4390 1174 4447 S.
1188 4389 1336 4446 columne
1358 4387 1393 4443 de
1419 4407 1475 4462 quo
1498 4389 1561 4448 vide
1584 4390 1710 4450 Glorior.
1726 4392 1885 4470 Topogr.et

315 4491 459 4547 Adomnan
483 4488 518 4546 de
531 4487 588 4545 vita
611 4486 641 4546 S.
654 4484 801 4544 Columbae
816 4487 835 4543 Ι.
847 4493 876 4555 2,
890 4504 916 4545 c.
931 4492 981 4553 39.
1022 4484 1127 4542 Passim
1142 4488 1178 4542 ab
1200 4485 1302 4541 eodem
1316 4482 1480 4540 Roboretum
1495 4484 1628 4563 Culgiued
1649 4490 1817 4565 appellatur,
1827 4493 1845 4546 i.
1855 4511 1883 4552 e.

317 4587 493 4644 Roboretum
508 4581 783 4658 interpretationum,
811 4581 878 4656 quia
892 4579 942 4649 ibi,
956 4580 1123 4657 antiquitus,
1146 4580 1242 4641 extitit
1259 4578 1402 4638 Druidum
1419 4581 1587 4641 Academia.
1630 4584 1704 4643 Vide
1717 4584 1881 4645 Discern&

316 4678 411 4753 nerag.
426 4677 568 4734 Etdnieor.
582 4676 697 4734 Hibero.
715 4676 779 4734 MS.
789 4676 818 4733 in
833 4677 983 4734 Stoweuse.

317 4773 366 4845 (4)
388 4776 407 4804 ‘¹
420 4771 457 4828 Et
470 4771 535 4829 elai
548 4791 596 4831 ree
609 4770 729 4832 cova?
781 4771 853 4829 Cod.
862 4770 995 4828 Clarend,
1006 4777 1055 4838 49.

318 4868 363 4941 (5)
383 4865 456 4925 Vide
469 4880 530 4927 not.
540 4866 577 4926 ed
590 4885 656 4928 anu.
671 4873 740 4942 800,
754 4867 879 4945 itemque
892 4867 1074 4928 sanationem
1084 4865 1120 4926 sd
1133 4866 1274 4927 Saeulum
1287 4865 1371 4941 vni,
1383 4862 1455 4923 inire
1464 4882 1494 4940 p.
1507 4858 1578 4924 126.

878 4959 901 5017 Q
