4446 6000
355 504 462 609 386
815 534 1077 600 annates
1119 480 1522 601 unnomausns.

357 717 481 792 loacad
495 710 654 812 imslret’l
669 711 838 788 Mickeil.
869 714 1065 789 Cerretanus
1082 716 1124 787 do
1138 717 1267 790 lorcod.
1320 714 1676 812 Dan-da·letla-glar
1708 717 1751 789 do
1769 717 1898 808 loscud,
1920 727 1944 798 7

355 841 384 913 r'l
400 841 516 914 ceolla
548 861 595 911 ar
623 859 744 911 ceana.
804 836 1010 932 [Coscrach
1028 837 1126 909 filius
1146 837 1351 936 Anngedhi
1370 838 1543 912 Vicarius
1563 838 1746 913 Flannani
1765 855 1802 915 et
1821 841 1941 916 Bren-

360 961 458 1051 dani,
477 959 699 1050 ‚Maelmuire
732 958 934 1035 O’Uchtan
955 959 1165 1054 (Vicarius)
1195 959 1389 1034 Columbae
1424 962 1688 1053 Ecclesiam,
1717 964 1941 1039 Diarmitiur

360 1084 638 1182 O'Sechnusaig
655 1084 828 1159 Vicarius
840 1084 1039 1172 Sechnalli,
1062 1084 1100 1156 in
1116 1083 1266 1157 Christo
1284 1085 1526 1158 dormierunt.
1575 1086 1740 1162 Corcran
1756 1087 1935 1178 Clericus,

359 1221 471 1308 caput
486 1208 645 1306 Europae
661 1208 705 1280 in
729 1207 866 1306 pietate
895 1221 946 1291 et,
969 1206 1224 1305 intelligentia,
1246 1209 1285 1280 in
1316 1207 1466 1281 Christo
1484 1210 1671 1307 pausavit.
1724 1211 1940 1285 Donnchad

362 1331 596 1437 O'Candega
610 1332 754 1430 sapiens
779 1328 961 1429 professor
989 1329 1281 1420 Ardnrachanus,
1302 1331 1528 1420 mitissimus,
1548 1344 1585 1405 et
1612 1332 1861 1424 doctissimus,
1897 1334 1938 1407 in

363 1455 514 1531 Christo
531 1455 682 1552 quievit.
717 1453 906 1529 Donncha
925 1455 1022 1528 filius
1042 1453 1198 1528 Crinani
1220 1453 1301 1526 Rex
1316 1453 1485 1526 Albaniae
1502 1479 1524 1527 a
1539 1456 1613 1528 suis
1635 1455 1782 1530 occisus
1797 1472 1862 1531 est.
1884 1457 1944 1554 (l)

357 1578 547 1677 Heraldus
564 1604 627 1652 rex
644 1580 834 1653 Saxonum
853 1579 1011 1653 ferorum
1030 1579 1200 1651 moritur.
1254 1577 1408 1650 Kildara
1431 1592 1513 1650 tota
1537 1579 1738 1675 combusta
1752 1585 1853 1656 circa
1870 1581 1944 1657 fes·

353 1717 440 1779 tum
453 1704 487 1778 S.
507 1700 716 1792 Michaelis,
739 1703 912 1776 Kellense
931 1700 1147 1800 (oppidum)
1169 1700 1417 1774 combustum.
1448 1701 1607 1775 Dunum
1627 1702 1876 1795 combustum,
1905 1719 1946 1780 et

359 1827 525 1926 plurinrae
561 1825 738 1900 Ecclesiae
766 1825 963 1919 similiter]

361 1952 431 2029 ssat.
457 1935 593 2042 mli.
646 1947 1196 2023 K1.Jan.fer.v.Lunxxiiii.
1282 1949 1358 2022 Aet
1385 1951 1480 2024 inula
1510 1953 1564 2024 tri
1592 1975 1640 2023 na
1673 1951 1822 2025 hairiei
1850 1953 1945 2027 ettir

364 2072 469 2144 marl
489 2075 628 2150 doene7
647 2095 686 2144 ec
699 2083 722 2151 7
737 2071 875 2145 arecha.
931 2072 1161 2169 Nieumairrg
1177 2072 1265 2145 ncclr
1283 2074 1467 2146 ainndisirr
1497 2075 1538 2146 do
1557 2074 1636 2161 leir,
1657 2073 1744 2147 acar
1768 2075 1869 2147 uaite
1898 2078 1943 2150 do

364 2196 446 2269 ilillt
461 2196 545 2268 diblr
562 2196 720 2291 ardaigla
737 2220 837 2269 uesm
855 2221 879 2267 n
896 2222 942 2269 cm
968 2198 1074 2270 doene
1108 2198 1150 2270 do
1162 2193 1406 2293 fliatreotlro.
1462 2180 1662 2270 Maebeetli
1677 2221 1755 2270 mac
1772 2198 1945 2273 Alaniere

368 2320 511 2394 Ardoll.
534 2320 753 2410 Ardmuclra,
774 2332 797 2400 7
814 2321 837 2392 t
855 2321 925 2394 Er.
947 2320 1114 2409 urclrena,
1135 2320 1267 2395 Domn.
1288 2319 1432 2394 remlror
1446 2345 1489 2392 m.
1519 2303 1754 2393 Maelnamlro
1772 2320 1950 2394 domorblr

363 2445 406 2518 du
423 2442 646 2540 Lor‘glrrrr'blr.
665 2443 721 2516 M
719 2443 927 2516 uircertuclr
945 2467 1023 2515 mac
1038 2442 1217 2541 Gillapat.
1238 2443 1408 2516 domarbla
1424 2444 1466 2515 do
1484 2442 1549 2516 leui
1565 2442 1796 2517 Chaillae'dhe
1812 2468 1835 2517 a
1852 2444 1948 2518 meb-

365 2566 454 2654 ltail,
476 2563 591 2638 Crech
608 2567 645 2638 la
659 2565 682 2636 li
696 2563 1423 2660 Airgiallur'Corruillidlrcorobrirrcttar
1449 2562 1736 2662 Conoillesorro
1772 2567 1786 2640 ί
1807 2567 1948 2664 Margi·

368 2687 624 2761 dacaainnect.
643 2685 762 2761 Creclz
773 2689 809 2760 la
821 2687 971 2761 laNer'll
987 2690 1026 2761 in
1043 2687 1129 2761 luit
1144 2688 1261 2763 Euclr.
1277 2689 1338 2762 Ul.
1356 2711 1395 2761 co
1415 2702 1546 2763 tuerat
1559 2690 1679 2764 creielr
1694 2692 1794 2763 mair.
1840 2687 1948 2766 Gillo

369 2807 551 2904 Comgur'll
567 2833 611 2882 m.
637 2809 867 2884 Duinncrrurr
895 2836 930 2884 m
956 2811 1162 2910 Dunluirrg
1179 2813 1222 2885 do
1241 2812 1361 2885 breitlr
1376 2838 1400 2886 a
1416 2812 1585 2887 Cilldura
1601 2815 1739 2887 arsicia
1757 2823 1778 2896 7
1795 2814 1950 2889 umarblr

364 2931 492 3007 ⁴r‘trrora.
548 2932 817 3027 [Mortalitates
835 2935 1001 3033 plurimae
1019 2937 1058 3008 in
1076 2935 1350 3010 narrationibus
1370 2935 1501 3033 (hujus
1521 2935 1631 3032 anni)
1650 2939 1783 3036 partim
1801 2953 1950 3038 propter

365 3056 866 3157 ¹occisosviros,.et(parti1n)
888 3059 1099 3151 defunctos,
1118 3074 1155 3134 et
1169 3059 1351 3159 (propter)
1364 3059 1600 3153 vastationes,
1619 3076 1658 3135 et
1674 3062 1808 3162 praelia.
1854 3061 1950 3136 Non

368 3193 492 3280 potest
506 3180 701 3278 quisquam
718 3208 884 3258 enarrare
903 3183 1027 3257 omnia
1040 3182 1210 3282 perfecte,
1232 3183 1296 3257 sed
1313 3183 1480 3280 quaedam
1497 3183 1544 3257 de
1560 3184 1729 3282 pluribus
1755 3210 1881 3260 eorum
1900 3185 1949 3259 ad

370 3306 561 3380 intentum
595 3319 719 3379 aetates
730 3305 928 3383 hominum
943 3307 1206 3405 cognoscendi.
1260 3304 1442 3382 Macbeth
1454 3305 1552 3381 filius
1566 3308 1724 3381 Anmirii
1740 3309 1949 3407 praecipuus

370 3427 488 3502 Poeta
519 3429 750 3518 Ardmachoe,
784 3443 823 3502 et
855 3431 1043 3504 Hiberniae
1071 3432 1249 3522 similiter,
1280 3431 1473 3505 Donaldus
1503 3430 1611 3505 valde
1642 3455 1807 3528 magnus,
1847 3431 1948 3504 filius

375 3550 617 3642 Maelnamhi,
634 3531 781 3628 occisus
810 3578 833 3627 a
865 3554 1167 3655 Lageniensrbus.
1239 3555 1479 3631 Murcertach
1516 3552 1615 3628 filius
1647 3554 1947 3629 Gildo-Patricii

373 3874 385 3936 l
390 3877 420 3946 1)
442 3873 516 3932 Vide
530 3894 594 3952 quae
613 3877 648 3934 de
661 3877 839 3936 successione
853 3879 964 3957 Regum
984 3879 1117 3938 Albania
1131 3881 1289 3938 dictasunt
1306 3879 1334 3936 in
1349 3889 1417 3938 note
1439 3880 1474 3937 ed
1497 3896 1564 3939 eon.
1579 3885 1666 3938 1031.
1708 3875 1743 3934 In
1764 3894 1839 3932 anno
1853 3876 1948 3933 obitus

372 3968 456 4046 Regis
468 3969 554 4046 hujus
566 3972 737 4032 Donnchodi
756 3977 914 4034 concordat
927 3975 1088 4051 Tigernach
1115 3980 1138 4008 '⁸‘
1151 3973 1307 4033 Doancdod
1318 3995 1378 4032 mac
1392 3973 1507 4032 crinein
1521 3973 1648 4050 uirdrigl
1662 3971 1775 4040 Albula,
1789 3970 1946 4046 [Donclrsd

371 4068 392 4099 ‘⁸
407 4065 481 4122 filius
494 4065 610 4127 Crineni
623 4089 769 4148 supremus
784 4071 850 4129 Rex
865 4070 1009 4147 Albaniae]
1029 4073 1183 4130 immature
1203 4081 1279 4129 etate
1303 4091 1322 4128 a
1344 4071 1403 4129 suia
1421 4071 1533 4130 occisus
1553 4068 1624 4128 eet''
1664 4065 1836 4143 'ligemachi
1848 4064 1949 4121 Codex

370 4159 455 4219 Bodl.
473 4161 563 4223 Ruwl.
577 4165 635 4225 No.
647 4172 718 4237 488,
741 4168 791 4226 sol.
806 4174 852 4237 18,
864 4168 919 4227 col.
938 4177 966 4228 1.
1003 4169 1130 4227 Vivebat
1141 4187 1177 4226 eo
1191 4178 1320 4245 tempore
1332 4166 1502 4244 Tigernech,
1515 4176 1592 4223 erret
1604 4182 1670 4240 ergo
1692 4163 1880 4221 Piukertonus
1899 4160 1950 4235 qui

371 4256 435 4332 ejus
448 4255 558 4314 obitum
569 4259 654 4317 refert
666 4263 701 4318 ed
715 4282 781 4321 ann.
793 4269 880 4328 1037.
903 4263 1058 4323 Pinlrerton
1071 4264 1200 4342 Enquiry
1218 4264 1274 4324 vol.
1287 4270 1316 4333 9,
1336 4283 1366 4341 p.
1385 4260 1450 4330 196.
1482 4263 1527 4319 De
1537 4279 1613 4317 anuo
1628 4268 1738 4316 nonest
1751 4255 1950 4324 dubitandum,

369 4352 497 4411 Huraldr'
509 4347 584 4410 enim
600 4355 710 4415 obitum
729 4359 815 4417 refert
828 4360 864 4417 ad
878 4359 955 4419 hunc
970 4381 1076 4420 annum
1088 4359 1245 4418 Florentius
1261 4359 1387 4437 Wigorn.
1401 4379 1464 4436 pag.
1478 4353 1550 4416 633.
1600 4353 1703 4412 Clrorr.
1717 4350 1817 4408 Saron.
1833 4350 1950 4426 quidem

369 4450 398 4508 id
411 4451 497 4509 refert
507 4451 543 4508 ad
556 4468 624 4509 ann.
638 4457 725 4521 1039,
745 4453 794 4510 sed
809 4473 875 4512 curn
890 4457 1034 4516 florentio
1048 4458 1188 4516 consentit
1202 4455 1357 4514 Mattheus
1373 4454 1519 4512 Wealmon.
1531 4472 1562 4529 p.
1574 4446 1829 4510 aro-Successit
1840 4445 1952 4513 ¹Donn-

372 4545 465 4606 chedo
480 4546 647 4606 Moeteana
660 4547 915 4621 mocFiorrulour'cl,
938 4556 1130 4632 regnavitque
1143 4555 1224 4612 anuis
1237 4553 1305 4623 xvii,
1320 4552 1362 4609 uti
1377 4549 1464 4608 tradit
1476 4551 1585 4607 Poema
1599 4543 1788 4605 Hiberuicum
1802 4542 1924 4601 citatum
1934 4562 1954 4601 a

370 4641 532 4716 Floharteo,
547 4664 575 4722 p.
589 4651 667 4715 489,
686 4644 817 4722 idemque
828 4655 871 4703 est
885 4665 970 4722 quem
985 4646 1369 4707 DuuelmensisMeclretlmd
1379 4645 1514 4726 appellat.

412 4739 501 4798 Porro
515 4740 622 4815 Simeon
636 4741 828 4801 Dunelmemis
849 4743 885 4800 ed
900 4762 965 4801 ann.
991 4750 1057 4815 135,
1078 4745 1231 4822 inquit-“
1247 4743 1412 4802 Durtecorrua
1437 4741 1499 4798 Rex
1514 4738 1692 4805 Scottorum,
1713 4753 1780 4792 cum
1808 4732 1953 4790 immensis

368 4835 392 4865 “
407 4836 497 4908 copiis
511 4837 678 4908 adveniens,
693 4839 869 4898 Dunelmum
885 4841 1006 4911 obsedit,
1035 4880 1118 4900 .....
1127 4841 1175 4899 sed
1185 4842 1290 4897 frustra
1297 4878 1402 4899 ......
1412 4854 1464 4894 nec
1478 4833 1570 4892 multo
1590 4844 1667 4910 post,
1694 4831 1756 4909 ipre
1782 4831 1859 4902 Rex,
1884 4846 1954 4885 cum

365 4934 392 4971 Α*
400 4928 464 5008 jam
479 4930 508 4987 in
524 4932 649 4992 Scotinm
665 4937 800 5007 rediisset,
812 4937 895 4998 esuis
909 4938 1019 4996 occisus
1031 4935 1164 4994 interiit.''
1206 4934 1401 5011 XScriptorea
1415 4929 1506 4990 Lond.
1520 4924 1608 4997 1652,
1629 4947 1658 5004 p.
1672 4933 1723 4987 34.
