4446 6000
314 520 380 613 58
749 530 1011 644 annates
1050 542 1455 612 unronrnnsns.

314 724 384 804 litt.
400 722 460 802 br
476 728 511 810 lt
526 725 605 802 niso
632 722 768 799 Obitus
799 725 983 801 Cummern'
1013 725 1086 799 albi
1111 723 1444 820 abbatisham)
1475 732 1513 798 et
1539 722 1694 802 Certain
1726 723 1890 810 abbatis

315 849 488 925 Bcnclrer
501 862 539 921 et
556 849 699 925 Mutuo
713 873 769 925 mc
787 850 928 938 Clamat,
944 862 982 923 et
999 874 1097 921 mors
1112 844 1408 944 Mnelsotartoig
1424 873 1478 922 mc
1495 847 1630 924 Suibne
1659 851 1757 953 regis
1776 880 1893 956 nepo-

316 985 397 1045 tum
421 973 572 1046 Yuirter
586 974 767 1062 ittarnan,
803 973 915 1070 [apud
947 969 1124 1062 Tamen]
1154 981 1192 1043 et
1218 968 1382 1043 Cornsall
1413 971 1511 1069 apud
1535 972 1702 1050 Pictores
1732 977 1892 1075 [Pictos]
1933 1060 1937 1067 ,

315 1094 485 1169 defuncti
500 1107 599 1168 sunt.
652 1094 851 1193 Jugulatio
870 1094 1075 1167 Maelduin.
1128 1092 1151 1166 J
1157 1092 1328 1190 ugulatio
1348 1092 1475 1168 Creone
1489 1120 1544 1169 me
1566 1097 1727 1176 Cellaid..
1775 1101 1893 1177 Venit

317 1220 449 1293 Genus
462 1216 650 1293 Garnairt
665 1217 712 1291 de
731 1216 920 1289 Hibernia.
972 1215 996 1289 J
1000 1215 1171 1313 ugulatio
1186 1216 1323 1289 Briarei
1341 1215 1424 1308 Fin,
1456 1241 1511 1291 mc
1533 1218 1656 1295 Maile
1678 1202 1889 1301 Foitarttt

316 1342 421 1415 Mors
438 1340 672 1414 Durrclradda
688 1339 844 1412 Ronaira.
866 1336 927 1432 (2)
1251 1351 1252 1354 ’

314 1463 456 1544 2th
474 1467 510 1547 lt
526 1465 574 1546 it.
603 1461 684 1534 Nix
700 1485 846 1560 magna.
898 1458 981 1535 Seol
996 1484 1084 1534 mor.
1106 1461 1327 1555 [mortalitas
1344 1489 1483 1564 magna
1496 1469 1776 1564 armentorum]
1818 1471 1891 1548 Ju.

314 1587 459 1687 gulatio
478 1585 687 1658 Muelduin.

313 1715 384 1792 flu
411 1709 470 1786 bt
484 1713 552 1792 itt.
581 1707 685 1780 Mors
701 1705 796 1782 Ossa
813 1705 880 1778 filii
894 1705 1072 1779 Eitilbrit
1083 1706 1178 1802 regis
1196 1707 1398 1782 Saxonum.
1421 1709 1484 1807 (3)
1506 1711 1651 1810 Fergus
1667 1741 1745 1791 atne
1768 1716 1892 1794 Cran-
1978 1705 1982 1712 ⁸

313 1838 403 1911 nrail
426 1835 589 1907 moritur.
642 1831 665 1904 J
672 1831 838 1927 ugulatio
863 1829 1107 1926 Seacdnusaig
1124 1830 1190 1902 filii
1208 1831 1410 1906 Blaitlrmic
1428 1835 1524 1932 regis
1542 1837 1576 1909 T
1571 1840 1714 1912 eraoirie
1729 1839 1768 1914 in
1783 1840 1894 1916 initio

317 1958 460 2032 hiemis.
487 1957 549 2054 (4)
582 1955 765 2029 Dubduin
792 1978 856 2026 rex
877 1953 1022 2050 generis
1040 1953 1186 2051 Coirpri
1204 1953 1397 2052 jugulavit
1422 1956 1538 2047 illum,
1573 1971 1612 2032 et
1645 1961 1766 2034 Briau
1796 1962 1894 2038 Finit

321 2079 458 2178 [albus]
473 2105 551 2153 moa
566 2076 853 2152 Maeleoctroicd
871 2075 1037 2150 moritur.
1091 2077 1237 2151 Bellum
1255 2077 1398 2152 Dromo
1413 2079 1555 2180 Cepeis.
1607 2083 1825 2161 Maelrubai
1852 2087 1894 2164 in

318 2204 547 2280 Britanniam
562 2201 766 2299 navigavit.
788 2200 852 2298 (5)

318 2526 369 2597 (1)
392 2524 449 2581 llic
473 2533 516 2581 est
538 2519 780 2581 illeCummineus
801 2521 836 2577 de
850 2538 907 2596 quo
921 2518 1066 2576 Adamana
1089 2519 1183 2595 iuquit
1195 2519 1300 2577 librum
1324 2519 1468 2596 scripsisse
1489 2523 1526 2580 de
1540 2523 1609 2580 Vita
1628 2525 1657 2582 S.
1665 2525 1815 2584 Columbae
1832 2528 1851 2586 Ι.
1863 2533 1894 2600 3,

319 2635 352 2679 c..
363 2625 392 2687 5,
405 2621 440 2676 ad
451 2635 536 2694 quem
548 2619 633 2675 etiem
651 2617 727 2674 Reda
741 2617 854 2692 respicit
867 2615 885 2672 l.
898 2623 928 2684 3,
942 2634 968 2672 c.
980 2624 1010 2673 4.
1051 2614 1189 2691 idemque
1203 2616 1250 2691 qui
1271 2615 1386 2671 Suibneo
1399 2615 1498 2691 quinto
1511 2618 1618 2675 Abbati
1635 2619 1744 2676 Hiiensi
1756 2621 1895 2679 successit

314 2715 396 2774 cunis
408 2714 457 2771 xii.
501 2713 589 2770 Extat
602 2713 631 2768 in
645 2712 817 2770 Cottoniano
831 2711 892 2784 ejus
912 2710 1037 2787 Epistola
1052 2711 1088 2767 ad
1099 2711 1249 2786 Segenium
1264 2710 1297 2767 de
1313 2709 1487 2781 Paenitetne
1502 2712 1649 2790 nongentis
1665 2715 1747 2774 annis
1759 2727 1890 2777 exarata.

319 2810 386 2868 vid.
401 2808 610 2866 Bibliothecnm
621 2805 897 2864 litterano-cotton.
919 2806 1006 2864 Vitel.
1023 2808 1056 2863 Α.
1073 2806 1122 2864 xii.
1136 2807 1201 2863 MS.
1218 2807 1247 2862 in
1261 2806 1417 2864 Stowense.
1461 2806 1606 2865 Successit
1627 2808 1653 2866 ei
1669 2807 1794 2867 Foildeus
1807 2811 1894 2888 septi·

320 2924 383 2964 mus
394 2903 620 2962 Abbasaunisx.
661 2902 773 2961 Primus
784 2902 859 2959 enim
871 2898 1078 2959 Columbaobiit
1093 2921 1169 2960 anuo
1184 2899 1243 2970 596
1257 2903 1299 2958 vel
1316 2901 1446 2969 597-11
1461 2901 1584 2959 Baition
1598 2905 1671 2962 obiit
1688 2924 1763 2963 anno
1780 2914 1891 2975 598.-

318 3001 365 3060 111
380 2999 500 3077 Pergae,
520 3017 577 3058 nou
590 2998 730 3075 Virgnous
751 2998 792 3056 uti
812 2998 941 3055 scribunt
962 2998 1146 3067 recentiores,
1176 2998 1248 3056 obiit
1271 2994 1426 3056 annobw.
1468 2999 1510 3056 IV
1524 2998 1656 3076 Segenius
1679 3019 1766 3076 supra
1790 3003 1894 3073 dictus,

318 3097 356 3166 ad
370 3116 454 3173 quern
467 3097 541 3154 inter
554 3096 635 3164 ulios,
647 3095 793 3154 lohannes
813 3095 893 3169 Papa
906 3094 1011 3150 electus
1026 3094 1120 3151 literas
1134 3093 1209 3151 misit
1222 3105 1392 3151 memoratas
1407 3115 1425 3151 a
1439 3094 1529 3163 Beda,
1542 3094 1562 3153 l.
1573 3102 1603 3164 2,
1617 3113 1644 3153 c.
1659 3102 1706 3165 19,
1726 3097 1797 3154 obiit
1818 3117 1895 3155 anuo

319 3187 390 3250 652.
425 3193 452 3247 V
467 3189 677 3248 Snibneusobiit
690 3207 765 3245 anno
774 3184 845 3250 657.
887 3188 930 3244 VI
941 3187 1113 3245 Cunnninens
1123 3189 1334 3246 velCumisnus
1345 3189 1426 3246 albus
1435 3190 1506 3247 obiit
1517 3189 1572 3247 hoc
1584 3209 1659 3248 enno
1672 3186 1742 3261 669.

323 3288 369 3356 (2)
388 3286 472 3354 Haec,
480 3304 499 3342 a
502 3284 650 3360 jugulatio
662 3281 755 3344 Cunna
770 3282 805 3339 ud
819 3283 904 3340 tinem
918 3284 995 3352 anni,
1004 3286 1104 3341 desunt
1118 3284 1147 3341 in
1156 3285 1228 3342 Cod.
1238 3284 1408 3355 llodleiano,
1419 3295 1521 3344 extent
1533 3287 1563 3344 in
1577 3287 1696 3346 caetetis.
1722 3287 1798 3348 Vide
1815 3303 1895 3352 notos

321 3381 359 3438 de
369 3380 524 3437 Codicibus
537 3379 573 3455 ad
589 3397 677 3436 annos
691 3384 761 3445 538,
772 3382 841 3451 570,
856 3383 925 3448 572,
944 3375 1013 3448 602,
1034 3391 1064 3437 et
1078 3379 1206 3439 Disscrt.v
1218 3379 1340 3439 Prelim.

323 3478 371 3549 (3)
395 3477 450 3533 Pro
476 3482 495 3508 “
510 3474 598 3532 Ossu''
617 3474 647 3531 in
663 3474 734 3531 cod.
746 3473 829 3534 Bodl.
852 3473 952 3534 Codex
963 3474 1094 3532 Clarend.
1109 3483 1148 3544 49
1169 3475 1257 3533 habet
1270 3475 1344 3550 offa,
1356 3475 1631 3533 mendose-——“
1646 3477 1742 3536 Oswio
1762 3479 1896 3539 Norden-

321 3571 507 3649 hymbrorum
521 3570 589 3646 Regi
604 3570 751 3638 successit,
762 3589 836 3628 anno
850 3566 1005 3639 670,fi1ins
1018 3570 1208 3650 ejusngrid,
1222 3583 1371 3647 postquam
1398 3578 1417 3604 ‘⁴
1431 3571 1540 3630 Oswius
1552 3574 1698 3631 Pictorum
1711 3586 1798 3648 atque
1824 3575 1896 3632 Sco·

322 3672 341 3700 ‘⁶
357 3677 450 3724 torum
464 3677 559 3742 gentes
573 3687 636 3742 quae
649 3666 880 3742 septentrionales
896 3668 1048 3726 Britanniae
1063 3668 1130 3725 lines
1145 3670 1289 3734 tenebant,
1301 3686 1401 3742 magna
1413 3687 1450 3724 ex
1465 3680 1546 3745 parte
1558 3669 1719 3746 perdomuit
1728 3687 1762 3725 ac
1774 3670 1895 3730 tributu·

320 3767 340 3797 “
355 3763 410 3821 rius
420 3763 515 3822 lecit.”
544 3764 613 3823 Bed.
624 3764 644 3823 l.
656 3769 685 3831 2,
697 3781 723 3821 c.
736 3770 764 3822 5.
780 3764 800 3821 l.
810 3772 839 3832 4,
854 3771 916 3834 αδ,
928 3777 956 3820 et
966 3782 992 3821 c.
1003 3770 1048 3822 12³.
1064 3774 1094 3821 et
1108 3761 1209 3821 Cliton.
1223 3762 1451 3822 tarditatem.
1465 3760 1535 3825 670.

319 3863 362 3933 (l)
381 3860 424 3916 lv
435 3859 573 3936 Magistri
595 3859 631 3917 ad
654 3863 776 3918 eundern
801 3879 906 3918 annum
930 3857 993 3929 669ι
1012 3859 1144 3935 inquiunt
1167 3857 1254 3916 “Jar
1276 3858 1374 3914 mbeitlr
1389 3859 1464 3934 carice
1477 3859 1588 3916 blindan
1607 3879 1636 3916 os
1652 3880 1683 3917 er
1705 3860 1734 3917 ti
1758 3856 1838 3937 righe
1862 3864 1897 3921 do

320 3964 339 3991 “
355 3956 538 4033 Seacdnaanig
550 3976 591 4016 mc
602 3956 750 4016 Bluitrndic
762 3958 797 4013 do
815 3976 862 4013 cer
874 3956 903 4013 lo
917 3956 982 4013 Dat
994 3955 1056 4012 dein
1064 3954 1154 4033 fleitd
1165 3975 1241 4014 cena.
1253 3952 1375 4012 Coirbre.
1411 3955 1453 4010 As
1462 3954 1519 4031 jor
1528 3955 1718 4036 Seeclurusaeg
1728 3957 1763 4015 dn
1776 3967 1845 4017 ratl.
1859 3978 1895 4017 att

320 4060 342 4088 u
520 4053 565 4095 ἶ...

353 4062 480 4114 mamm
499 4072 524 4109 δ’
600 4136 619 4164 “
636 4131 678 4187 Ba
689 4130 834 4196 Srianord,
857 4132 891 4189 ln
905 4130 937 4188 he
947 4129 1185 4187 ncdloscacd-In
1196 4128 1273 4186 teacd
1285 4127 1402 4185 binrbidd
1414 4128 1615 4196 seactminrcl,

600 4231 619 4258 ‘⁴
637 4226 676 4282 Bo
692 4225 1162 4305 dinrdajiriglreulljbrfluilh-Hi
1171 4227 1263 4302 stoigd
1278 4224 1375 4300 inrlrr'dlt
1390 4245 1431 4281 rnc
1449 4225 1630 4283 sslnrmoicl.''

325 4320 494 4402 [Postquam
508 4337 525 4372 v
539 4320 617 4375 annis
632 4337 770 4395 regnasset
793 4322 971 4395 Seaclrnusag
993 4323 1067 4379 filius
1082 4322 1273 4392 Blathmnclri,
1284 4321 1395 4379 occisus
1417 4332 1461 4377 est
1477 4320 1664 4397 perDrrbduia
1676 4322 1894 4395 gubernatorem

319 4416 464 4478 Clientelae
475 4414 601 4471 Carbrei.
644 4414 689 4470 Dc
704 4416 914 4490 Settchnusagio
929 4417 982 4473 hoc
1002 4419 1164 4475 encomium
1178 4420 1265 4474 Poeta
1275 4418 1420 4473 cecinit-

441 4518 460 4545 ‘¹
479 4512 547 4567 Erat
560 4508 671 4565 sibimet
684 4510 779 4577 l'raene,
793 4526 822 4566 ot
833 4512 965 4567 munifica
979 4526 1040 4569 erat
1054 4512 1224 4570 doinus-iu
1237 4532 1293 4586 qun
1309 4515 1423 4586 regebat
1437 4509 1647 4567 Seaelrmrsach.

441 4613 460 4641 ⁴⁴
477 4608 546 4664 litat
557 4604 700 4662 uberrima
712 4605 829 4679 aequitas
840 4617 940 4661 contra
954 4608 1152 4680 potentes—in
1167 4611 1251 4663 domo
1266 4608 1294 4663 in
1304 4628 1360 4683 qna
1372 4610 1487 4681 regebat
1504 4605 1577 4662 tilius·
1593 4601 1794 4662 illatlnnaelr.”

323 4710 370 4780 (5)
393 4707 432 4786 ly
447 4702 585 4780 ,lingistri
597 4701 713 4758 adeun.
728 4697 784 4764 071
801 4700 991 4774 inquiunt-‘⁶
1007 4701 1155 4759 blandrada
1176 4703 1235 4758 adn.
1252 4702 1389 4758 Ilernlcur‘r
1403 4704 1436 4758 do
1452 4700 1501 4757 dul
1512 4700 1539 4755 in
1553 4698 1653 4754 [libain
1675 4719 1713 4774 go
1735 4700 1896 4779 rofotdm'g

218 4801 220 4806 ’
322 4800 628 4873 “eeclesApnrerosen
646 4798 815 4873 [llaolruba
839 4797 935 4851 Abbns
954 4796 1160 4853 lienelrorensis
1185 4798 1312 4855 transisit
1338 4799 1501 4866 Albaniam,
1530 4807 1560 4853 et
1582 4795 1711 4853 condidit
1738 4797 1895 4855 Ectlosiaru

322 4903 341 4940 e
358 4891 592 4976 Aporcr·ossnn.'']
616 4894 735 4957 Obitunr
749 4889 909 4955 blaolrnbni
927 4891 1051 4952 referunt
1061 4891 1089 4949 hi
1104 4893 1231 4952 Arutales
1244 4907 1274 4952 et
1287 4894 1439 4971 Tigernaclt
1458 4895 1493 4952 nd
1506 4912 1573 4953 ann.
1584 4896 1655 4975 721,
1665 4911 1727 4952 aerae
1741 4911 1816 4950 cour.
1827 4897 1895 4956 tat.
