4446 6000
725 541 990 607 annuens
1026 541 1427 607 unronrnusas.
1761 517 1865 611 313

290 723 541 798 nundinarum
573 719 749 819 planitiei,
784 725 810 810 ‘f
828 717 1149 794 velArdmaclrae’'.
1206 719 1264 792 Sic
1293 719 1331 790 in
1360 717 1453 792 libro
1471 717 1769 819 Dubdaletlrei.(
1798 721 1868 815 )-

293 848 481 921 Branacan
500 845 756 919 O’Maelvitlcr
772 844 933 918 Vicerex
954 841 1081 916 Miuiae
1097 843 1275 915 dimersus
1294 856 1376 938 post
1392 842 1490 916 diem
1508 841 1603 939 ignis
1620 843 1706 916 Baul
1725 845 1762 917 in
1782 845 1865 917 lacu

288 968 496 1065 Annium)
513 968 723 1066 Amhalgad
741 969 913 1042 Vicarius
932 965 1082 1039 Patricii
1098 965 1168 1037 ivit
1184 965 1414 1038 Momoniam
1433 964 1548 1062 prima
1567 965 1658 1054 vice,
1681 980 1718 1039 et
1734 964 1864 1041 habuit

286 1091 538 1166 visitationem
554 1114 738 1187 maguam.
794 1088 968 1163 Ceallach
984 1087 1227 1186 O'Catusagh
1246 1114 1310 1161 rex
1328 1089 1558 1162 Saitneorum
1577 1089 1724 1161 occisus
1755 1114 1776 1162 a
1799 1089 1864 1162 Ti·

286 1213 515 1288 ronensibus.
545 1213 658 1287 Filius
677 1211 819 1300 Flauui‚
841 1210 908 1284 filii
928 1209 1232 1314 lllaelseclrlauni‚
1263 1216 1285 1249 “
1303 1211 1325 1283 i.
1342 1237 1372 1286 e.
1392 1212 1541 1287 futurus
1561 1213 1643 1287 Rex
1661 1213 1864 1288 Tcnroriae''

287 1338 443 1412 occisus.
465 1337 526 1433 (3)
579 1336 660 1410 Aed
679 1349 717 1409 et
735 1332 930 1408 Donaldus
948 1331 1160 1406 O'Murcha
1176 1331 1292 1405 occisi
1308 1334 1423 1426 sunt]

286 1465 356 1540 flu.
383 1461 533 1555 nnn
587 1459 646 1533 Kl.
659 1459 744 1533 Jan.
761 1456 825 1532 fer.
842 1456 878 1529 ii.
900 1455 992 1528 Lun.
1012 1454 1130 1527 xxiiii.
1184 1456 1280 1529 Mur
1305 1457 1469 1533 certain
1497 1460 1532 1531 ri
1550 1458 1643 1548 Eile,
1663 1467 1686 1538 7
1706 1457 1809 1533 Dom.
1827 1460 1861 1535 11.

288 1583 402 1657 Ceull.
431 1583 467 1654 ri
482 1581 667 1669 Portant,
694 1579 835 1653 Sitriuc
852 1603 930 1652 neue
948 1580 1068 1652 Imuir
1100 1580 1136 1651 ri
1159 1580 1409 1676 Pnirt·luir·gi
1426 1602 1482 1654 oe.
1504 1606 1529 1653 a.
1585 1581 1680 1655 Moe
1708 1581 1871 1678 Leigind

287 1731 331 1779 m.
352 1706 489 1781 Cuirill
508 1730 538 1777 r.
559 1702 733 1798 Oirgioll,
756 1701 877 1775 Flami
906 1702 928 1773 lt
965 1704 1085 1775 Taren
1120 1703 1202 1775 Air.
1224 1702 1460 1799 Danmaigi„
1490 1704 1687 1777 Lochtnan
1708 1704 1864 1779 Comard

286 1831 370 1904 Inai
386 1827 595 1922 Caindeglra
611 1828 634 1898 i.
649 1827 736 1923 Xpo
756 1825 872 1897 dorm.
900 1825 1114 1897 Maelrechl.
1146 1849 1200 1896 me
1219 1824 1327 1897 Dorn.
1348 1826 1483 1897 Airdri
1499 1827 1569 1916 Er.
1587 1838 1609 1906 7
1628 1829 1710 1900 tuir
1723 1828 1861 1923 aeduin,

286 1952 503 2031 7oe‘reehrcir
521 1949 657 2020 lurtuir
672 1950 825 2034 domuin,
847 1946 1013 2018 duecailrlr
1034 1946 1104 2016 irin
1123 1958 1200 2016 tres
1218 1946 1263 2016 bl.
1287 1946 1328 2017 xl
1349 1947 1451 2042 regni
1471 1947 1537 2034 sni,
1554 1948 1623 2019 irin
1643 1961 1718 2020 tres
1730 1949 1775 2021 bl.
1795 1950 1864 2021 lxx

283 2075 392 2146 etatis
411 2099 436 2145 s.
458 2073 495 2144 in
513 2070 564 2142 iiii
586 2070 716 2142 Nonas
733 2068 965 2166 Septembris,
988 2067 1048 2138 die
1067 2067 1241 2140 videlicet
1261 2066 1411 2140 D.nic0.
1429 2067 1455 2139 ii
1475 2070 1570 2143 luna.
1605 2071 1865 2146 Muircomruc

277 2195 346 2289 sor
371 2196 595 2268 eirrdurceet.
617 2192 735 2265 Gallu
755 2190 984 2277 Athaeliutln
1012 2203 1033 2269 7
1052 2190 1164 2263 Niull
1180 2214 1258 2262 mae
1281 2190 1406 2262 Eoclra
1434 2192 1470 2262 ri
1497 2192 1556 2263 Ul.
1576 2191 1866 2292 coromlruidsor

281 2343 351 2404 ana
375 2317 492 2391 Gallu
511 2329 533 2393 7
552 2315 719 2386 coroladlr
737 2313 875 2407 anderg
891 2336 947 2397 ur,
976 2323 998 2390 7
1017 2335 1101 2382 coro
1121 2311 1292 2381 datrtlea
1315 2312 1506 2383 urclreurru.
1560 2311 1861 2390 „truncertacteln

287 2439 454 2533 Carrnig
468 2434 612 2509 domurb
627 2459 670 2506 on
686 2433 722 2507 G
727 2446 779 2520 nt,
801 2434 870 2504 “·i·
885 2435 923 2504 la
936 2431 1178 2506 Muelreclrl.'’
1204 2431 1343 2503 Moiud
1349 2432 1364 2504 i
1377 2432 1464 2503 aleih
1480 2432 1569 2504 Uait
1582 2430 1651 2528 sor
1669 2434 1862 2532 Airgiallu

284 2564 343 2634 rio
356 2560 466 2632 Niull
481 2581 559 2629 inae
570 2556 695 2628 Euclio
712 2580 793 2628 coro
808 2580 836 2627 c.
851 2556 896 2627 ed
906 2555 996 2648 derg
1010 2577 1056 2624 ur
1071 2552 1240 2648 Airgiall
1252 2576 1337 2626 unit.
1356 2555 1621 2653 Mutlrgunruin
1636 2583 1713 2630 inec
1726 2559 1863 2634 Laida-

279 2710 379 2783 gnen
410 2685 445 2756 ri
470 2681 705 2775 Fernmlruigi
738 2679 882 2751 damard
908 2681 951 2750 do
979 2678 1187 2751 Clrutlmlun
1212 2678 1245 2749 h.
1266 2677 1428 2751 Criclum
1441 2676 1516 2776 jor
1542 2682 1603 2752 lei·
1624 2679 1859 2756 C'luuneeoir.

282 2807 441 2881 „dluiren
459 2828 506 2875 na
522 2801 678 2899 rengudlr
697 2826 753 2873 oc.
767 2824 798 2873 e.
825 2800 954 2894 [Filius
974 2798 1134 2872 Cerballi
1156 2800 1239 2873 Rex
1258 2799 1359 2885 Eliae,
1378 2816 1413 2873 et
1428 2801 1622 2874 Donaldus
1634 2801 1861 2878 O’Ceallach

284 2929 366 3002 Rex
384 2925 668 3010 Fotlrartiorurn‚
684 2922 842 2996 Sitricus
861 2922 956 2994 lilius
974 2921 1083 3005 Irnori
1100 2922 1180 2994 llex
1193 2921 1459 3014 Waterfordiae,
1479 2923 1593 2997 occisi
1609 2938 1709 2998 suut.
1745 2925 1859 3003 Filius

286 3050 444 3148 Legindi
461 3048 526 3121 filii
548 3047 672 3121 Catilli
686 3047 766 3119 Rex
784 3046 983 3143 Orgialliae,
1007 3045 1122 3119 Flaun
1141 3046 1314 3118 O’Tacau
1334 3046 1555 3144 Praepositm
1571 3047 1857 3147 Dermagiensis,

287 3171 481 3245 Laclrtuan
498 3170 623 3243 Abbas
641 3169 774 3240 lusnlae
795 3166 984 3263 Candega‚
1003 3166 1037 3237 in
1052 3165 1202 3240 Clnisto
1218 3167 1455 3242 dormierunt
1492 3169 1743 3245 Maelsechlan
1762 3171 1862 3246 filius

284 3294 448 3368 Donaldi
466 3317 631 3365 summus
651 3292 743 3377 Rex,
764 3304 801 3362 et
818 3288 945 3361 Turris
964 3288 1145 3364 Ordiuunr
1165 3303 1202 3363 et
1220 3289 1418 3364 Procerum
1438 3290 1693 3367 Occidentalis
1712 3293 1854 3384 muudi,

281 3416 432 3490 obiitin
451 3415 531 3487 xliii
550 3438 648 3486 anno
668 3411 782 3510 regni,
804 3426 841 3485 et
856 3411 973 3484 lxxiii
989 3412 1098 3487 etatis
1116 3438 1201 3501 sure,
1221 3414 1258 3485 iv
1271 3413 1402 3486 Nonas
1421 3415 1651 3512 Septembris,
1670 3417 1729 3490 die
1741 3417 1858 3492 videl·

282 3540 357 3614 icet
376 3538 587 3625 Dominica
610 3534 774 3609 secunda
792 3533 917 3608 Lunae.
937 3533 997 3629 (l)
1040 3533 1212 3609 Praelium
1231 3536 1361 3608 navale
1377 3537 1603 3610 maritimum
1621 3541 1716 3614 inter
1733 3541 1858 3616 Alien-

283 3853 333 3924 (1)
355 3851 430 3907 Vide
445 3870 507 3926 quae
519 3850 558 3908 de
572 3849 627 3906 hoc
642 3851 714 3906 libro
725 3848 802 3904 dicta
815 3857 881 3905 sunt
892 3848 923 3904 in
939 3856 1006 3905 nota
1019 3848 1055 3904 ad
1070 3868 1137 3906 anu·
1147 3853 1217 3917 997.
1252 3849 1349 3904 Vocet
1374 3855 1394 3883 ‘⁴
1405 3849 1451 3905 uel
1463 3850 1651 3918 Ardmucha,''
1665 3854 1776 3928 seriptae
1790 3867 1858 3914 sunt

280 3947 358 4004 intra
373 3946 471 4011 lineas,
486 3944 635 4001 abeodem
651 3960 826 3999 arnanueuse
848 3942 896 4020 qui
912 3953 1005 4000 totum
1018 3941 1153 4000 Codicem
1168 3941 1326 4017 descripsit,
1338 3943 1441 4021 quique
1454 3947 1550 4010 verba,
1564 3945 1632 4003 “sic
1645 3947 1672 4002 in
1688 3947 1761 4004 libro
1775 3949 1858 4008 Dub-

281 4040 426 4098 dalerhei”
441 4040 468 4095 iu
482 4049 562 4095 textu
579 4038 644 4094 ideo
658 4036 804 4093 inseruisse
817 4037 937 4106 uidetur,
949 4045 982 4095 ut
993 4037 1053 4095 istae
1068 4037 1291 4110 interpretationi
1305 4037 1391 4095 fidem
1406 4037 1581 4096 conciliaret.
1592 4038 1700 4098 Confer
1710 4061 1777 4100 ann.
1785 4047 1857 4111 972.

280 4142 324 4211 (2)
345 4135 485 4192 Bel-tinne
499 4134 654 4190 etiamnum
670 4134 706 4188 ab
733 4131 865 4189 lliberuis
890 4143 1029 4190 vocantur
1047 4133 1185 4191 Kalendae
1208 4132 1307 4202 lllaiae,
1330 4133 1409 4208 quari
1436 4133 1499 4189 Beli
1512 4133 1594 4209 ignia,
1609 4137 1687 4212 qaod
1702 4139 1805 4214 Pagani
1821 4159 1857 4199 eo

280 4246 411 4308 tempore
438 4229 506 4285 llelo
531 4227 681 4303 quotannis
705 4226 834 4282 victimas
855 4227 1011 4286 adolerent.
1054 4227 1178 4286 Flahert.
1193 4248 1220 4304 p.
1230 4223 1282 4286 62.
1322 4228 1396 4286 Vide
1411 4229 1532 4288 Dissert.
1547 4231 1582 4288 de
1597 4231 1691 4308 Relig.
1707 4233 1856 4296 Ethnieor.

281 4329 403 4385 llibern.
418 4326 481 4381 MS.
496 4324 524 4381 in
542 4320 677 4377 Biblioth.
694 4321 847 4385 Ston'enae.
1486 4314 1492 4325 ⁴

225 4490 230 4496 ‚
278 4430 324 4495 (0)
349 4423 444 4478 Verba
454 4426 472 4452 ‘⁶
480 4418 596 4493 fleterna
611 4415 672 4471 lter
687 4414 845 4471 l'earorioe.”
858 4420 895 4472 ab
908 4435 1080 4474 amanuense
1093 4416 1167 4473 intra
1180 4417 1268 4476 lineas
1281 4419 1386 4495 scripta
1399 4431 1477 4483 aunt.

279 4521 326 4586 (ll
348 4514 526 4574 Conferenda
542 4522 607 4568 sunt
619 4530 683 4586 quar
695 4511 788 4568 notari
801 4512 836 4568 ad
855 4530 912 4569 ann
928 4511 1272 4581 1014.—lllalachiasll,
1299 4516 1416 4572 ultimus
1442 4517 1506 4574 Rex
1531 4517 1675 4576 Hibernia²
1689 4538 1708 4577 e
1721 4519 1806 4577 domo
1820 4521 1858 4580 θ’

283 4611 456 4678 Numerum,
469 4609 592 4683 regnmit
605 4607 685 4662 arinis
700 4607 739 4670 ix.
758 4626 775 4664 a
791 4618 880 4665 morte
898 4606 995 4663 Briuni
1012 4607 1153 4664 Boromlrei
1171 4609 1304 4666 adfinem
1319 4611 1385 4666 anni
1410 4611 1693 4688 1022.—l’ostquam
1716 4625 1858 4690 regnasset

279 4706 362 4762 anilia
376 4704 458 4768 xxiii,
473 4723 558 4778 regno
573 4714 677 4760 exutus
690 4717 732 4759 eat
744 4721 760 4758 a
777 4701 882 4760 Brinno
896 4723 971 4760 1111110
986 4710 1071 4762 1001.
1115 4701 1302 4780 Tigernuclrna
1322 4716 1351 4761 ct
1366 4704 1394 4760 hi
1412 4706 1535 4762 Annales
1549 4719 1627 4765 recte
1642 4713 1792 4769 numerant
1806 4722 1856 4771 au*-

276 4820 329 4866 noa
341 4798 445 4874 ‹pribus
457 4798 589 4854 exclusus
604 4798 666 4864 luit,
677 4818 767 4873 neque
788 4800 917 4856 llrionum
930 4800 959 4856 in
974 4800 1083 4873 Regum
1098 4798 1287 4875 legitimorum
1302 4799 1398 4856 album
1410 4799 1574 4859 admittunt.

319 4896 422 4962 l’orro,
438 4893 524 4968 Reges
538 4892 584 4969 qui
595 4910 755 4969 supremam
768 4905 939 4970 potestatem
951 4894 1047 4972 adepti
1059 4907 1124 4952 sunt
1137 4897 1174 4952 ab
1188 4914 1262 4953 auno
1280 4899 1354 4954 1022
1371 4912 1459 4971 usque
1473 4896 1508 4952 ud
1525 4895 1698 4959 Rodericum
1712 4898 1857 4976 o'Couor.

1052 4985 1091 5036 Sa
