4446 6000
802 539 1064 610 eunucus
1101 537 1498 608 unrournnsne.
1839 518 1940 651 888

256 746 261 753 ·
355 725 499 804 {Politia
533 727 683 823 cenoigi,
723 725 936 822 [Nundinae
976 722 1207 798 Teitinenses
1246 723 1477 818 intermissae]
1524 722 1603 799 sine
1630 722 1735 823 justa
1769 749 1879 803 causo
1917 739 1943 814 ἵ

357 855 484 953 digna.
514 851 578 950 (1)
617 849 819 925 Domiuaii
845 848 1051 948 Episcopus
1084 848 1266 944 Corcoigi,
1301 848 1428 925 Scriba
1459 848 1630 950 optimus,
1665 849 1790 928 subita
1821 862 1941 928 morte

386 979 480 1053 eriit.
1170 1033 1173 1036 «
1347 1036 1350 1041 .
1575 1032 1578 1036 Α
1701 996 1704 1003 ·
1918 989 1925 1045 ':

359 1007 429 1181 gu.
456 1100 551 1179 ditet
568 1103 690 1186 leret
744 1095 1119 1174 Ka1.Jan.Lun.xii.
1164 1092 1318 1194 Erigon,
1338 1107 1363 1181 7
1382 1096 1584 1174 iilaeituiie
1611 1122 1725 1198 nepos
1750 1095 1935 1196 Cuanucii,

358 1225 398 1298 II
413 1224 578 1297 Abbates
604 1224 726 1299 Cluen
751 1246 807 1296 mc
825 1223 911 1310 nois,
939 1219 978 1295 in
1000 1245 1091 1319 pace
1119 1220 1359 1297 dormierunt
1414 1223 1597 1297 Donncira
1614 1247 1691 1299 neec
1707 1224 1938 1303 Aedieccer'u

357 1371 413 1421 mc
441 1345 650 1436 Concobair,
684 1345 855 1418 oFloinn
883 1368 961 1418 erac
982 1343 1267 1418 Moeirecimeiii
1299 1349 1334 1442 [a
1369 1344 1512 1419 Flanno
1539 1341 1617 1419 tilio
1645 1347 1940 1445 lilaelsechnalli]

358 1468 422 1568 per
440 1471 568 1543 dolum
586 1468 733 1542 occisus
750 1482 816 1541 est.
871 1466 1059 1541 Ruar'dieri
1076 1490 1154 1540 neoc
1168 1466 1395 1557 Muirminn,
1417 1491 1483 1539 rex
1508 1466 1732 1561 Brittouum‚
1749 1471 1798 1543 du
1816 1470 1940 1547 titulci-

359 1590 466 1667 irecirt
484 1595 527 1667 do
549 1618 629 1668 cum
646 1589 793 1691 uersor
811 1592 925 1666 reiced
940 1616 980 1665 re
995 1591 1112 1664 Dum
1127 1591 1306 1688 gelicidii.
1349 1589 1570 1686 [Rodericus
1588 1591 1686 1666 filius
1704 1592 1938 1686 Morminnii,

359 1715 442 1790 Rex
468 1716 691 1805 Brittonum,
711 1716 817 1788 veuit
845 1715 886 1788 in
920 1713 1149 1803 Hiberniam,
1177 1712 1222 1787 in
1246 1712 1432 1811 refugium
1461 1711 1507 1785 ab
1534 1713 1764 1811 Alienigenis
1790 1717 1936 1817 nigris]

359 1839 598 1937 ddeeibrigdc
616 1837 821 1937 Episcopus
842 1835 953 1911 'Siane
979 1837 1018 1909 in
1037 1861 1127 1934 pace
1146 1835 1335 1910 dormivit.
1400 1834 1598 1908 Belliolum
1613 1861 1675 1911 occ
1691 1839 1791 1912 Loci
1819 1838 1936 1930 Creon,

355 1967 463 2038 eittir
474 1963 675 2063 Fiungenti
692 1978 713 2046 7
731 1963 987 2061 Dubirgennti,
1004 1961 1116 2059 [apud
1130 1961 1253 2034 lacum
1272 1959 1390 2048 cuan,
1409 1959 1505 2033 inter
1523 1961 1696 2036 Gentiles
1711 1963 1814 2038 albos
1829 1976 1868 2039 et·
1882 1965 1940 2039 ni·

357 2089 457 2187 gros]
474 2088 512 2161 in
531 2113 605 2185 quo
625 2087 775 2162 Alione
791 2086 873 2162 dux
892 2111 965 2160 nan
979 2084 1206 2182 dublrgenuti
1220 2083 1317 2179 [dux
1332 2081 1544 2157 Gentilium
1560 2084 1765 2184 nigrorum]
1788 2086 1939 2165 cecidit

354 2211 577 2287 Sociortocit
594 2236 673 2285 mac
684 2212 844 2285 Brocein
861 2210 940 2284 dux
960 2221 1137 2306 nepotum
1154 2206 1320 2282 Cormeic
1338 2219 1506 2281 mortuus
1523 2221 1588 2281 est.
1609 2208 1954 2290 commoneret:

355 2335 390 2406 A
395 2337 619 2422 rddmociree,
640 2337 677 2406 ·i·
691 2333 967 2430 [Commutatio
982 2331 1170 2403 Abbatum
1188 2329 1228 2400 in
1238 2327 1461 2417 Ardmachu
1477 2329 1498 2401 i.
1513 2329 1561 2421 e]
1575 2329 1747 2404 Aenmire
1762 2331 1801 2404 iu
1819 2332 1939 2408 vicem

357 2456 616 2531 Maelcirobia.
656 2455 849 2532 Cutiohm
863 2479 941 2529 enac
956 2453 1127 2551 Cernaig,
1149 2454 1184 2527 ri
1202 2451 1337 2525 Fercui
1347 2453 1431 2547 [rex
1450 2450 1650 2547 Fercalliae]
1663 2478 1754 2528 mor.

358 2583 427 2659 flu.
455 2577 705 2666 pertinuit
749 2579 843 2654 Lun.
865 2579 972 2654 xxiii.
1025 2579 1187 2656 Ruaidri
1221 2602 1299 2651 mec
1333 2576 1545 2667 dicrimine,
1584 2600 1652 2656 rex
1686 2577 1889 2666 Britonum
1911 2603 1941 2683 :a

353 2705 513 2780 Saxonis
543 2702 772 2781 interfectus
811 2702 872 2800 (8)
940 2701 1044 2782 Aede
1067 2727 1144 2802 mac
1171 2701 1350 2792 Cinariam,
1373 2701 1456 2777 Rex
1476 2701 1677 2794 Pictorum,
1710 2729 1731 2777 a
1757 2703 1865 2779 sociis
1892 2731 1936 2783 ss.

357 2830 503 2904 occisus
518 2840 583 2903 est.
613 2827 742 2924 Gurfit
760 2852 838 2902 enoc
857 2825 1098 2923 Meribrigte‚
1112 2851 1177 2900 rex
1195 2825 1369 2916 Comitio,
1385 2826 1594 2901 decollatus
1611 2839 1702 2902 esto
1719 2830 1799 2902 avii
1817 2827 1941 2904 Eecie·

358 2953 437 3026 ucir.
456 2956 535 3050 [per
552 2951 812 3046 Eachachios.]
839 2949 1064 3024 Cumuscociu
1082 2975 1160 3024 erac
1177 2950 1421 3046 Moiredoigir
1447 2974 1514 3023 rex
1530 2965 1709 3050 nepotum
1730 2950 1954 3025 Cremitein·

358 3075 539 3151 oUiiteiir
556 3079 632 3175 [per
649 3075 903 3169 Ultonienses]
920 3074 1066 3149 occisus
1080 3087 1146 3152 est.
1175 3073 1448 3174 Mueipatraicc
1471 3098 1549 3147 mac
1569 3075 1750 3154 Ceeiiaicir
1768 3074 1941 3175 Princeps

355 3202 632 3276 Mainestreecit
662 3201 781 3289 Buite',
832 3199 1036 3299 [Princeps‚
1084 3200 1107 3273 i.
1120 3223 1150 3272 e.
1183 3198 1310 3271 Abbas
1350 3199 1570 3275 Mouasterii
1602 3197 1789 3292 Buteusis]
1819 3197 1942 3275 subita

355 3338 475 3396 morte
497 3323 615 3422 periit
669 3323 817 3397 Ventus
835 3346 1003 3420 magnus,
1024 3334 1062 3395 et
1080 3318 1218 3418 fulgor,
1239 3320 1300 3417 (8)
1323 3316 1523 3418 frosefole
1540 3321 1653 3395 fluxit
1669 3318 1878 3419 confertim
1893 3341 1940 3421 ap

354 3446 433 3518 orti
449 3469 510 3518 cro
529 3455 552 3525 7
562 3440 647 3542 solu
657 3442 735 3543 sor
747 3444 874 3519 snamie
892 3445 1030 3543 argeio.
1074 3443 1222 3519 Oenacit
1242 3445 1385 3519 Taliten
1403 3447 1553 3544 ceneigi,
1572 3445 1719 3542 [Pluvia
1736 3445 1941 3545 sanguinea

353 3568 469 3642 linxit
487 3568 717 3658 mirabiliter,
743 3569 872 3644 similis
899 3568 1090 3646 intestinis
1112 3569 1334 3645 mrimaiium
1362 3571 1491 3650 fluens
1529 3569 1726 3646 Nundinae
1744 3570 1938 3644 Taitinen·

352 3718 412 3766 ses
428 3694 659 3787 interm-issae]
687 3693 876 3791 sinejusta
899 3717 1020 3782 causa,
1056 3692 1214 3790 Eclipsis
1243 3694 1332 3769 lune
1361 3695 1492 3768 idi-bus
1510 3694 1685 3768 Octobris
1703 3695 1742 3769 iv
1759 3698 1858 3770 luna„
1874 3695 1937 3792 (4)

358 3813 464 3889 Scrin
481 3816 558 3890 Coi.
580 3814 651 3889 Cii.
671 3826 694 3895 7
712 3820 859 3889 antinno
874 3817 1022 3890 olciesra
1039 3816 1086 3888 du
1106 3815 1312 3891 tiriaciztor'n
1344 3840 1383 3889 cu
1413 3841 1492 3889 cum
1519 3838 1586 3888 ner
1604 3811 1678 3913 sor
1703 3817 1797 3888 teicir
1812 3817 1859 3897 71·
1878 3819 1937 3892 ria

358 4000 1940 4037 Ἣβ--ῴῂ

361 4132 406 4204 (1)
419 4132 492 4190 Vide
503 4151 565 4209 quae
574 4131 610 4191 de
619 4133 662 4191 his
673 4132 804 4191 nundinis
815 4133 893 4194 dicte
905 4147 970 4194 sunt
983 4156 1068 4215 supra
1076 4139 1112 4195 ed
1124 4156 1190 4195 ann.
1201 4140 1270 4202 872,
1282 4154 1349 4211 qno,
1359 4135 1511 4191 Denorum
1520 4132 1735 4200 vastationibus.
1743 4138 1763 4168 ‘¹
1774 4135 1939 4201 iuterrnisrae

359 4229 469 4288 fuere.”
496 4227 603 4287 Confer
616 4228 667 4287 hos
680 4231 808 4288 Anticles
821 4231 857 4287 ad
869 4250 936 4290 ann.
950 4239 1022 4303 454,
1035 4227 1106 4303 461,
1118 4237 1187 4302 557,
1202 4242 1230 4290 et
1240 4237 1310 4300 559,
1321 4227 1692 4305 quocomitin‘i'emorensin
1702 4231 1821 4294 desiere.
1862 4236 1937 4299 Item

358 4334 418 4383 not
431 4333 450 4385 4
465 4327 502 4384 ed
515 4345 581 4385 ann.
592 4322 776 4385 ron-Ludi
796 4327 973 4386 Teitinenses
986 4328 1078 4407 primo
1090 4340 1288 4387 memorantur
1297 4326 1326 4383 in
1337 4325 1380 4382 his
1392 4323 1551 4382 Annalibus
1569 4323 1606 4386 ad
1619 4346 1684 4384 nnn.
1698 4326 1768 4401 716,
1789 4345 1889 4410 postea
1898 4337 1935 4396 ad

358 4440 424 4480 nnn.
435 4426 453 4485 7
457 4428 506 4492 22,
516 4427 585 4492 810,
603 4419 672 4492 886,
686 4428 756 4493 830,
766 4433 795 4482 et
810 4428 880 4494 878,
895 4444 952 4503 quo
967 4430 986 4460 “
997 4425 1161 4485 intermisse
1174 4422 1282 4482 suere.”
1296 4419 1526 4505 Videmsmeuu.
1540 4426 1609 4493 887,
1622 4428 1934 4500 888,897,εῑῦἰεεινέ,
2028 4472 2031 4477 ·

359 4515 392 4570 de
402 4515 497 4593 Relig.
509 4517 654 4578 Etiuicor.
665 4518 784 4577 Hiberu.
796 4520 861 4579 MS.
877 4521 906 4579 in
917 4521 1073 4583 Stoueuse.
1221 4586 1225 4591 ,

358 4613 403 4681 (8)
419 4615 439 4644 “
449 4612 613 4671 ‘Rodericus
627 4634 745 4690 magnus
756 4616 891 4674 successit
903 4618 973 4694 Regi
987 4619 1150 4677 Brittonum
1160 4614 1414 4694 Mersyntofryct
1427 4616 1630 4674 010⁰cl³u³⁰⁸i
1647 4635 1722 4673 ⁸⁰⁰⁰
1738 4614 1809 4687 87⁶2
1825 4619 1853 4676 in
1863 4638 1936 4698 pm·

360 4709 379 4736 “
394 4704 433 4761 lio
444 4705 555 4764 Guuitir
571 4708 645 4766 Dure
655 4709 734 4791 Sesiy
747 4731 819 4780 mon,
834 4730 851 4768 a
866 4711 1014 4771 Saxonis?
1043 4711 1182 4771 Ceredoce'
1194 4711 1300 4774 Chron.
1309 4715 1378 4774 edit.
1392 4732 1446 4790 per
1459 4714 1509 4772 'W.
1518 4714 1629 4785 Wynue
1642 4711 1734 4773 Lond
1751 4717 1784 4778 17
1788 4720 1837 4786 02,
1843 4736 1876 4799 p.
1885 4724 1936 4786 34,

360 4802 408 4870 (³)
430 4802 594 4862 Concordot
605 4802 705 4864 Cicron.
717 4806 818 4867 Soron.
828 4809 864 4866 ed
874 4828 938 4867 eun.
952 4813 1021 4876 877,
1036 4827 1099 4886 pag.
1115 4815 1163 4868 84.

359 4899 408 4969 (4)
432 4897 536 4955 incidit
552 4899 669 4977 Eclipsis
684 4901 744 4959 haec
757 4904 786 4960 in
797 4923 863 4962 ann.
878 4909 948 4975 878,
963 4906 1010 4963 die
1025 4905 1173 4965 vOctobr.
1194 4905 1295 4964 Artde
1307 4905 1373 4966 Ver.
1386 4907 1425 4965 ies
1439 4906 1526 4977 detes,
1543 4913 1564 4966 t.
1579 4912 1605 4978 1,
1617 4923 1648 4982 p.
1656 4900 1705 4978 68,
1721 4925 1796 4986 orgo,
1807 4920 1843 4968 ut
1860 4928 1934 4990 sepe

352 4992 468 5064 monui,
485 4992 512 5050 hi
527 4993 653 5054 Annales
662 5014 749 5054 aernm
762 5016 944 5058 communem
956 5020 1014 5059 uuo
1027 5021 1103 5060 anuo
1116 5012 1310 5063 antevortunt.

1128 5095 1153 5145 Η
1164 5097 1182 5146 h
