4446 6000
740 543 1001 652 unvanus
1042 543 1445 613 nurouransns.
1787 518 1896 615 888

314 732 521 832 Fetbghna,
536 727 686 803 Vicario
701 729 734 804 S.
751 730 911 819 Patricii,
930 738 968 802 et
989 753 1074 803 cum
1091 727 1313 818 Suairlecho,
1335 727 1486 802 Vicario
1501 727 1534 802 S.
1548 725 1732 820 Finnian-i,
1753 729 1800 804 ad
1812 741 1889 806 sta·

315 862 515 938 bili'endam
525 881 664 958 pacem,
691 867 729 930 et
740 855 979 931 concordiam
997 854 1124 954 populi
1151 854 1355 942 Hibemici,
1377 865 1415 927 et
1433 854 1471 926 in
1489 854 1561 928 isto
1578 855 1778 952 colloquio,
1799 855 1893 930 Cer·

315 987 444 1073 bailus,
467 983 550 1055 Rex
564 978 734 1068 Ossoriae,
751 978 862 1052 solvit
877 976 1083 1076 plenarium
1101 975 1284 1050 tributum
1303 975 1601 1078 congregationi
1616 978 1648 1051 S.
1667 978 1830 1069 Patricii,
1850 994 1890 1056 et

310 1131 382 1180 suo
400 1101 672 1189 Comhorbano,
694 1116 732 1174 et
746 1100 787 1173 in
813 1100 940 1174 eodem
960 1100 1158 1196 colloquio,
1190 1099 1301 1172 inivit
1317 1099 1440 1174 foedus
1458 1100 1608 1175 Ossoria
1628 1125 1715 1174 cum
1730 1100 1890 1176 dimidio

313 1227 598 1328 septentrionale
613 1224 811 1313 Hiberniae,
833 1235 870 1297 et
894 1224 1038 1321 pepigit
1051 1223 1174 1297 foedus
1201 1225 1337 1324 pariter
1352 1226 1565 1325 Maelguala
1580 1250 1645 1300 rex
1662 1225 1892 1321 momoria]

315 1352 549 1448 Moelguala.
571 1371 636 1421 rex
653 1347 864 1434 Mumhuin,
901 1371 923 1419 a
954 1346 1211 1420 Nordmannis
1227 1346 1371 1421 occisus
1381 1361 1452 1423 est.
1502 1347 1687 1423 Seconrrun
1705 1348 1803 1421 iilius
1817 1345 1890 1422 Co·

306 1479 428 1570 using,
451 1499 514 1548 rex
533 1472 665 1566 Coirgi
680 1470 922 1559 Bracbuidbe,
945 1470 1111 1543 moritur.

312 1604 381 1678 un.
400 1599 494 1677 mm
510 1599 523 1670 Ι
539 1598 588 1678 u.
632 1592 744 1689 Slogb
768 1592 932 1689 Laigbin
950 1593 1187 1672 7Mumbain
1211 1604 1234 1674 7
1251 1595 1467 1670 conmenta
1484 1607 1508 1677 7
1526 1593 1585 1671 Oa
1603 1596 1710 1671 Neill
1722 1598 1760 1669 in
1778 1595 1886 1670 Deir·

314 1722 473 1797 cirtinsi
491 1718 626 1793 Fortu
642 1719 678 1789 la
695 1714 980 1790 Moelsechnaill
990 1717 1051 1812 rig
1066 1717 1195 1790 Temra
1208 1742 1272 1790 con
1284 1719 1397 1792 dcisid
1411 1743 1451 1792 oc
1463 1720 1600 1816 Maigb
1612 1720 1780 1792 Dumhoi
1797 1722 1891 1793 icon·

310 1845 416 1941 focus
434 1843 680 1918 Airdmacbne
708 1842 752 1914 do
765 1837 940 1938 ferbsirt
965 1840 1048 1913 Aea
1060 1864 1138 1914 mcc
1156 1842 1262 1914 Neill
1277 1843 1432 1922 7Flarm
1451 1845 1529 1916 mac
1550 1844 1718 1938 Conoing
1736 1868 1783 1917 nn
1803 1844 1889 1917 Du·

312 1969 407 2044 nodb
424 1969 460 2041 in
477 1967 615 2040 aitbcbi
629 1991 693 2039 con
709 1965 915 2038 romarbsut
932 1958 1112 2058 doinefor
1128 1964 1188 2033 lor
1201 1963 1242 2033 in
1258 1963 1425 2037 Dunadb
1450 1979 1471 2045 7
1488 1968 1706 2040 romemboid
1723 1965 1790 2063 sor
1809 1967 1892 2040 Aea

311 2093 451 2166 nicrum
475 2115 540 2165 con
555 2087 713 2187 sarcoib
741 2089 792 2177 ili
820 2085 1035 2182 [Exercitus
1070 2083 1256 2183 Lageniae,
1292 2085 1505 2176 Momoniae,
1535 2101 1572 2161 et
1590 2087 1817 2182 connaciae,
1855 2102 1893 2163 et

309 2215 573 2289 O’Neiliorum
594 2212 818 2297 australium,
834 2209 940 2283 ducti
958 2211 998 2282 in
1013 2209 1200 2305 regionem
1217 2207 1373 2298 Fochlae,
1392 2234 1456 2307 per
1470 2210 1801 2286 Maelsechnallum
1818 2212 1891 2287 Re·

309 2365 393 2438 gem
416 2337 606 2423 Temoriae,
629 2334 749 2405 donec
768 2342 952 2404 venerunt
970 2346 1086 2424 usque
1110 2329 1300 2426 planitiem
1319 2330 1502 2421 ludorum,
1531 2333 1569 2405 in
1583 2333 1779 2407 vicinitate
1790 2335 1888 2408 Ard-

311 2456 465 2534 machae.
500 2458 688 2553 Impetum
702 2452 875 2526 fecerunt
887 2451 968 2526 Aed
986 2451 1083 2524 filius
1099 2450 1226 2542 Neilli,
1247 2465 1285 2525 et
1303 2451 1420 2526 Flann
1435 2452 1531 2546 filius
1551 2454 1730 2553 Conangi,
1754 2456 1792 2528 in
1809 2455 1891 2530 Dn-

307 2609 409 2671 num,
431 2593 551 2670 nocte,
566 2591 604 2652 et
621 2575 887 2650 interfecerunt
897 2574 994 2647 viros
1014 2574 1051 2646 in
1070 2574 1192 2648 medio
1210 2574 1326 2665 Duni,
1347 2592 1385 2650 et
1401 2575 1578 2676 infugam
1591 2601 1719 2653 versus
1729 2592 1792 2653 est
1809 2578 1890 2654 Aeo

309 2718 445 2804 postea,
467 2715 504 2776 et
529 2701 681 2796 reliquit
705 2698 881 2796 plurimos
897 2696 1068 2789 occisos]
1090 2709 1212 2770 stante
1238 2698 1404 2772 exercitu
1424 2699 1707 2775 Maelsechnalli
1730 2701 1890 2775 instato

307 2855 385 2904 suo.
413 2826 516 2899 Aean
533 2848 611 2897 mac
628 2820 938 2911 Duibdcbairenn,
961 2843 1024 2893 rex
1043 2843 1088 2892 ou
1109 2820 1339 2916 Fidbgennti,
1360 2822 1526 2897 moritur.
1572 2824 1794 2921 Flannogau
1810 2845 1888 2899 mac

311 2952 479 3026 Colmain
506 2946 671 3020 moritur.
726 2945 839 3019 Niall
864 2968 942 3017 mac
961 2942 1115 3031 Falluin,
1148 2942 1212 3038 qui
1239 2967 1364 3042 passus
1381 2960 1437 3018 est
1462 2947 1607 3043 paralisi
1622 2949 1745 3022 xxxiv
1770 2947 1886 3030 annis,

311 3074 375 3170 qui
395 3085 559 3147 versatus
590 3082 647 3144 est
678 3067 883 3143 visionibus
912 3064 1177 3162 frequentibus,
1212 3077 1288 3140 tam
1318 3062 1430 3156 falsis,
1463 3092 1575 3163 quam
1605 3068 1711 3159 veris,
1744 3068 1782 3142 in
1802 3068 1891 3169 Xpo

312 3196 466 3294 quievit

311 3324 380 3399 flu.
408 3317 503 3397 west
520 3322 568 3404 le.
618 3317 785 3394 Imzredb
802 3317 907 3392 Mida
924 3319 967 3391 do
985 3317 1070 3393 Aed
1084 3343 1163 3393 mac
1180 3319 1287 3395 Neill
1299 3320 1515 3418 congnlloib.
1551 3317 1743 3414 [vastatio
1760 3317 1890 3394 Midiae

306 3469 372 3544 per
386 3444 478 3532 Aed,
498 3443 614 3516 filium
633 3441 761 3532 Neilli,
781 3466 866 3516 cnm
883 3441 1142 3539 Alienigenis]
1163 3441 1352 3518 Gormlait
1370 3443 1474 3540 ingin
1489 3442 1673 3517 Donnclro
1695 3445 1887 3538 [Gormla

304 3567 453 3642 tiablia
468 3565 730 3660 Donnchadi,]
755 3565 989 3640 amenissima
1004 3566 1153 3666 Regina
1168 3566 1376 3656 Scotorum,
1395 3578 1478 3664 post
1485 3567 1734 3666 penitentiam
1752 3565 1855 3641 obiit.

307 3692 377 3768 flu.
404 3690 498 3767 mm
515 3693 594 3776 ut
627 3689 831 3763 Dominari
846 3690 1080 3788 macAilpin,
1102 3713 1168 3763 rex
1187 3690 1388 3780 Pictorum,
1409 3703 1579 3764 mortuus
1597 3704 1663 3764 est.
1687 3691 1747 3787 (l)
1785 3689 1890 3767 Aedt

162 4040 176 4069 s
304 4009 357 4081 (1)
378 4008 424 4065 De
444 4007 554 4082 Regum
577 4005 769 4064 Hibernorurn
796 4005 926 4064 Albania
947 4007 1169 4065 successionibus
1195 4005 1258 4065 vido
1283 4025 1372 4065 annos
1395 4003 1466 4076 672,
1480 4002 1551 4077 698,
1565 4011 1635 4076 718,
1648 4011 1719 4075 788,
1734 4012 1804 4079 785,
1817 4012 1888 4079 740,

311 4109 383 4175 777,
396 4109 467 4174 780,
481 4107 551 4171 789,
562 4106 632 4171 791,
649 4105 717 4169 857,
730 4111 760 4158 et
769 4102 880 4177 corrige
893 4120 957 4177 quae
966 4102 1003 4160 de
1013 4100 1164 4176 Commissi
1175 4102 1290 4162 silentio
1302 4101 1445 4160 habentur
1456 4102 1485 4158 in
1497 4111 1566 4158 nota
1575 4103 1611 4159 sd
1625 4121 1692 4160 son.
1705 4098 1776 4172 698.
1818 4103 1889 4165 Silet

237 4241 239 4244 ι
308 4200 433 4277 quidem,
448 4200 483 4258 de
494 4197 603 4255 Aeduni
615 4197 742 4274 posteris,
754 4215 825 4275 opus
839 4196 900 4270 ejus
915 4196 1080 4273 imperfecte
1097 4197 1236 4257 editurus
1249 4197 1386 4272 colgrim,
1401 4214 1460 4254 non
1472 4214 1538 4252 vero
1551 4196 1658 4276 integre
1667 4199 1776 4258 editum
1791 4200 1887 4263 an·

306 4295 428 4354 billonio.
472 4294 527 4353 Sed
539 4293 585 4351 bic
599 4312 682 4351 error
700 4293 769 4351 levis
784 4300 953 4368 argumento
966 4311 1024 4350 non
1035 4292 1134 4362 officit,
1148 4310 1215 4351 curn
1228 4295 1315 4351 verbs
1327 4292 1389 4370 ipss
1399 4290 1570 4362 Commiuei,
1580 4313 1617 4352 ex
1637 4297 1809 4355 Adsmnnno
1818 4317 1890 4376 pre-

300 4391 376 4460 lata,
390 4391 550 4449 habeantur
562 4388 591 4446 in
602 4401 671 4447 note
681 4387 793 4446 sdnnm
803 4392 874 4455 788,
889 4387 965 4447 unde
979 4397 1210 4447 commorasse
1230 4389 1449 4463 Pinkertonuns,
1473 4388 1522 4466 qui
1536 4389 1646 4449 existis
1658 4393 1748 4450 verbis
1764 4393 1885 4452 halluci-

308 4495 393 4544 natur
402 4492 423 4520 ‘⁴
432 4485 587 4545 Coriallum
597 4484 625 4542 11
640 4502 694 4542 nee
705 4483 788 4542 inisse
802 4484 920 4561 Regem,
928 4501 988 4543 nec
999 4482 1139 4542 Euchodii
1154 4484 1218 4557 fluvi
1231 4483 1350 4554 tilium‚”
1362 4489 1439 4563 quod
1450 4487 1537 4566 gratis
1547 4496 1577 4546 et
1585 4487 1656 4546 falso
1667 4490 1811 4555 asseritur,
1823 4489 1889 4550 vids

309 4591 368 4638 not.
384 4582 420 4638 ad
433 4601 500 4640 snn.
511 4578 582 4650 698.
622 4579 745 4639 Gravior
764 4600 845 4640 error
862 4580 973 4659 irrepsit
990 4580 1025 4638 in
1046 4592 1143 4639 notem
1161 4581 1198 4639 ad
1212 4599 1279 4640 sun.
1291 4585 1362 4651 7³2,
1383 4584 1431 4642 ubi
1450 4584 1509 4643 dixi
1524 4582 1688 4642 tectorium
1700 4583 1757 4654 111,
1777 4585 1887 4661 Regem
1985 4666 1989 4671 .

310 4675 393 4732 inisse
422 4676 502 4733 istius
527 4676 647 4735 nominis
668 4677 803 4746 manum,
832 4677 967 4738 successit
988 4677 1064 4737 enirn
1094 4677 1121 4734 ei
1140 4675 1378 4737 Muredacsmc
1395 4677 1615 4747 Ainbicealtoch,
1629 4682 1788 4746 annom,
1809 4680 1890 4741 anuis

304 4770 417 4838 tribuss
429 4771 475 4828 cui
486 4771 630 4842 successit,
640 4791 716 4831 anno
726 4769 798 4844 786,
807 4771 944 4850 Dsngkol
954 4791 1014 4832 mc
1024 4771 1180 4850 Seolbaigk‚
1189 4773 1269 4832 sonis
1279 4778 1299 4837 7
1303 4795 1312 4842 ;
1321 4774 1432 4844 deinde,
1444 4774 1524 4831 annis
1535 4781 1565 4842 4,
1576 4772 1620 4830 vel
1632 4778 1661 4842 5,
1676 4771 1830 4833 Eociods'vs
1837 4773 1890 4848 lv,

306 4865 589 4945 dictusAregblruidlu
612 4868 659 4927 cui
686 4871 832 4942 successit,
860 4889 934 4928 sono
946 4873 1019 4941 748,
1046 4868 1382 4945 filiusejusAothun,
1406 4868 1465 4947 qui,
1478 4887 1516 4928 ex
1528 4868 1716 4946 Tigernacho,
1731 4869 1849 4945 Hanno,
1861 4882 1892 4933 et

1055 4960 1108 5028 fis
