4446 6000
316 469 414 562 128
676 491 1115 605 annornrropras
1157 490 1231 557 au
1271 486 1548 558 amoma

311 680 332 714 “
354 679 431 738 illud
441 695 522 757 atque
532 695 710 755 nequaquam
721 678 868 737 dissimulo
881 677 1042 755 propalare,
1062 672 1099 732 ad
1115 673 1212 732 doxon
1224 673 1357 731 ommotia
1366 670 1447 749 Cpr-ii
1456 691 1627 750 magnopere
1639 672 1802 749 inolevisse,
1814 679 1894 756 qnod

314 787 336 829 1‘
356 784 499 861 praeconio
512 784 584 841 citra
595 783 709 839 modurn
719 781 851 852 rumoris,
859 782 988 840 Scottico
1003 780 1032 835 in
1046 778 1108 836 solo
1122 777 1295 853 degentium,
1303 796 1426 855 quorum
1441 778 1629 837 contubernio
1641 797 1797 858 parumper
1805 783 1896 842 fretus

314 893 336 924 ⁸⁴
357 908 397 958 es,
407 887 520 946 auditus
533 885 619 944 nostri
635 886 813 963 quatiuntur,
823 896 853 942 et
865 904 916 962 per
927 894 970 942 tot
984 891 1121 959 tantaque
1134 881 1246 938 telluris
1257 882 1349 938 stadia
1360 880 1490 939 lectionis
1503 881 1599 958 opinio
1614 880 1705 958 Pagis,
1722 884 1897 944 Provinciis·

314 994 337 1024 “
359 1009 415 1069 que
428 989 572 1065 divulgata
585 989 749 1048 crebrescit.
790 989 937 1066 Siquidem
952 998 1011 1044 tam
1021 986 1124 1044 creber
1135 995 1246 1042 meatus
1260 993 1302 1042 est
1314 984 1397 1042 istinc
1410 983 1559 1060 illincque,
1571 984 1645 1042 istuc
1665 984 1802 1063 illucque,
1813 990 1896 1048 navi·

316 1100 337 1129 ·‘
357 1114 423 1172 gero
430 1111 576 1171 aequoreas
584 1091 749 1151 fretantium
759 1091 831 1149 calle
841 1091 973 1167 gurgites,
982 1088 1062 1147 velut
1075 1087 1207 1165 quaedam
1218 1088 1381 1145 contribula
1395 1088 1491 1164 apium
1500 1090 1682 1164 germanitas,
1697 1102 1796 1151 nectar
1814 1092 1896 1154 labra

317 1202 337 1232 ⁴‘
360 1197 582 1257 conficientium.
624 1198 700 1255 Nam
728 1195 968 1273 quemadmodum
989 1192 1152 1250 alternatim
1172 1190 1339 1248 mellifluum
1351 1209 1483 1261 examen,
1502 1191 1576 1250 flava
1588 1193 1721 1268 bajulans
1739 1196 1897 1271 gatamina

234 1376 235 1380 ἵ
317 1305 337 1335 “
357 1310 494 1378 asportat,
508 1298 608 1358 eodem
623 1300 719 1369 modo,
739 1299 768 1357 ni
782 1298 877 1369 fallor,
889 1298 1041 1355 lurconum
1055 1294 1237 1371 conglobatio
1252 1293 1418 1364 Lectorum,
1436 1293 1567 1370 [turning
1577 1293 1721 1371 tatfridh]
1734 1313 1769 1354 ac
1783 1297 1898 1356 residua

317 1411 337 1442 ‘⁴
358 1406 452 1482 Sagax
464 1405 669 1482 discipulorum
680 1417 805 1474 caterva,
822 1404 955 1479 florigeris
969 1400 1164 1478 hagiographae
1175 1419 1212 1457 ex
1226 1399 1309 1468 arvis,
1323 1417 1380 1456 non
1393 1399 1485 1456 solum
1497 1412 1571 1458 artes
1581 1398 1794 1472 Grammaticus,
1803 1411 1896 1478 atque

318 1517 337 1546 ¹‘
359 1510 556 1581 Geometricaa,
580 1508 622 1566 bis
636 1519 787 1584 ternasque
812 1506 929 1564 omissas
956 1504 1080 1580 Physica
1100 1503 1172 1560 artis
1195 1501 1351 1571 Maeliana,
1376 1503 1505 1579 quinimo
1532 1502 1699 1580 Allegoricoe
1722 1505 1845 1583 potiora,
1858 1522 1896 1564 ac

317 1617 337 1647 “
360 1612 547 1688 Tropologicoe
575 1611 773 1689 disputationis
788 1611 924 1686 bipartita
937 1610 981 1667 bis
1000 1607 1130 1676 oracula,
1163 1605 1309 1663 siticulose
1336 1616 1478 1664 sumentes
1503 1617 1636 1684 carpunt,
1659 1620 1690 1664 et
1715 1609 1745 1666 in
1769 1608 1897 1667 alveariis

317 1718 337 1749 ‘⁴
359 1712 482 1792 Sophiae,
492 1713 554 1790 jugi
564 1714 748 1772 meditatione
762 1713 827 1771 loco
838 1724 918 1772 tenus
930 1711 1077 1780 servanda,
1090 1711 1243 1768 condentes
1251 1709 1371 1766 abdunt.
1395 1710 1440 1767 Ex
1451 1728 1574 1785 quorum
1588 1710 1720 1787 catalogo
1734 1720 1814 1769 tuam
1828 1729 1896 1788 pro·

318 1822 337 1850 ‘⁴
360 1816 449 1874 ficisci
471 1816 625 1886 solertiam,
647 1817 743 1893 praeda
765 1829 908 1887 onustam,
937 1815 1085 1874 excellens
1109 1814 1186 1871 fama
1206 1812 1397 1889 percrebuit.’'
1400 1853 1474 1871 .......
1477 1812 1578 1869 “Cur
1604 1811 1720 1889 inquam
1746 1811 1896 1884 Hibernia,

318 1926 338 1955 ‘⁴
359 1940 418 1998 quo
431 1919 598 1978 catervatim
611 1920 692 1978 istinc
706 1920 828 1977 lectores
840 1918 976 1979 classibus
989 1917 1102 1976 advecti
1115 1917 1273 1987 confluunt,
1296 1917 1430 1974 ineffabili
1444 1917 1567 1993 quodam
1587 1915 1729 1993 privilegio
1742 1917 1894 1977 efferatur:

320 2029 340 2059 “
360 2023 431 2083 acsi
444 2025 517 2095 istic,
531 2022 661 2082 iaecundo
675 2021 830 2079 Britannia
854 2021 884 2079 in
902 2018 1019 2097 cespite,
1034 2019 1182 2078 Didatculi
1194 2021 1300 2097 Argivi,
1324 2022 1482 2079 Romanive
1495 2019 1619 2088 Quirites
1639 2017 1753 2095 reperiri
1774 2018 1895 2079 minime

318 2133 338 2162 “
360 2127 484 2205 queant!
508 2126 645 2196 Quamvis
657 2125 732 2183 enim
744 2124 914 2202 praedictum
923 2124 1130 2193 Hibernioerus,
1141 2124 1310 2182 discentium
1324 2126 1455 2202 opulans,
1468 2140 1652 2199 vernansque,
1662 2132 1695 2178 ut
1704 2122 1745 2180 ita
1758 2121 1893 2192 dixerim,

321 2238 341 2266 ‘⁴
363 2250 502 2307 pascuosa
516 2228 715 2287 numerositate
729 2228 893 2297 Lectomm,
908 2228 1151 2304 quemadmodum
1174 2228 1232 2304 poli
1254 2230 1394 2299 cardines,
1416 2228 1558 2289 Astriieris
1571 2226 1737 2286 micantium
1757 2233 1899 2284 ornentur

320 2340 341 2369 ‘⁸
363 2332 563 2391 vibraminibus
572 2331 707 2401 siderum,
720 2338 763 2388 ast
778 2339 873 2391 tamen
884 2331 1031 2391 Britannia
1046 2332 1187 2390 Theodoro
1198 2332 1334 2409 potitur.”
1350 2337 1396 2405 (1)

361 2436 406 2494 Ex
420 2435 502 2493 dictis
512 2435 568 2492 huc
582 2453 681 2510 usque,
695 2452 788 2512 neque
800 2434 878 2494 enim
890 2435 1010 2494 ulterius
1023 2437 1053 2495 in
1067 2440 1150 2495 rebus
1161 2449 1220 2495 tam
1232 2437 1386 2496 manifestis
1401 2457 1473 2516 opus
1488 2446 1532 2497 est
1550 2436 1706 2510 immorari,
1720 2437 1900 2509 lectoribus,

321 2538 474 2616 apartium
487 2537 581 2598 studio
591 2537 699 2607 alienis,
713 2537 875 2596 luculenter
887 2546 976 2615 patet,
990 2559 1076 2616 quam
1091 2552 1265 2618 prepostere,
1280 2561 1315 2599 ne
1328 2542 1422 2599 dicam
1433 2540 1608 2616 malefidae
1618 2540 1738 2598 veritate
1753 2541 1898 2600 Historica

324 2644 530 2704 declinaverint
544 2643 780 2719 Edinburgenses,
802 2642 851 2719 qui
865 2643 990 2701 Forduni
1004 2643 1220 2702 Scotichronico
1234 2655 1331 2702 notam
1356 2645 1431 2703 banc
1443 2662 1588 2721 apponere
1608 2663 1666 2703 non
1683 2649 1898 2704 erubuerunt-

325 2751 344 2780 “
368 2747 441 2804 Sane
452 2756 548 2803 narrat
562 2746 643 2804 Beda
662 2745 691 2803 iu
709 2746 778 2804 Vita
792 2746 820 2804 S.
832 2746 983 2805 Cuthberti
1002 2745 1163 2824 Aldfridum
1183 2747 1213 2804 in
1235 2746 1341 2805 Institit
1366 2745 1525 2805 Scottorum
1550 2749 1588 2804 ob
1608 2747 1736 2805 studium
1749 2748 1900 2809 literarum

326 2853 346 2882 “
367 2849 518 2916 exulasse;
539 2861 568 2907 at
582 2868 635 2926 per
646 2849 709 2907 illas
720 2848 830 2908 Insulas
843 2850 959 2909 minime
972 2850 1120 2921 Hibernia,
1135 2850 1225 2908 literis
1248 2868 1385 2926 uunquam
1407 2851 1529 2922 celebria,
1549 2851 1599 2910 sed
1624 2851 1772 2920 Hebridea,
1795 2862 1826 2912 et
1850 2853 1902 2912 Hii

326 2958 346 2987 “
367 2953 508 3031 praecipue
520 2953 656 3030 designari
671 2952 810 3013 videtur.’'
826 2955 1020 3029 (2)-Errare
1032 2955 1190 3013 humanum
1204 2965 1257 3025 est,
1285 2956 1335 3012 sed
1350 2956 1490 3014 Veterum
1515 2959 1677 3014 Auctorum
1700 2965 1810 3016 textum
1841 2978 1904 3017 cor·

323 3077 458 3134 rumpere,
472 3058 618 3116 infamiam
632 3059 705 3136 parit
718 3059 901 3129 indelibilem,
912 3070 940 3117 et
951 3061 1048 3118 odium
1064 3060 1238 3137 inexpiabile
1252 3070 1386 3118 meretur.
1421 3058 1738 3116 Beneventanus-‘⁴
1750 3060 1900 3136 Ecgiridus

323 3165 345 3216 c‘
367 3170 430 3239 post
442 3179 560 3232 annum,
574 3161 720 3220 Pictorum
731 3163 836 3221 Gladio
851 3163 1021 3236 trucidatur,
1035 3165 1222 3243 etAldfridua
1233 3167 1262 3224 iu
1271 3168 1412 3243 Regnum,
1416 3160 1517 3242 frater
1526 3165 1585 3238 cJ'ua
1594 3159 1703 3232 notius,
1711 3163 1902 3238 substituitur,

325 3268 345 3297 “
367 3264 415 3339 qui
429 3283 486 3322 non
497 3265 594 3341 paucis
610 3276 697 3323 antea
719 3267 902 3343 temporibus,
928 3269 958 3326 in
973 3268 1140 3345 Regionibut
1153 3271 1222 3347 [non
1247 3273 1276 3328 in
1299 3265 1417 3343 Intulit]
1442 3266 1618 3336 Scottorum,
1643 3264 1903 3345 lectionioperam

325 3371 346 3401 “
367 3366 481 3425 dabat.’'
491 3369 535 3439 (3)
560 3368 632 3425 llaec
647 3370 1032 3444 verbaalilalmcsburiense,
1044 3393 1080 3431 ex
1091 3375 1218 3433 Vetustis
1235 3373 1399 3439 Codicibus,
1417 3379 1447 3427 et
1462 3369 1606 3441 Historiis,
1619 3388 1684 3447 quae
1701 3390 1754 3431 suo
1776 3381 1903 3451 ternpore

326 3472 475 3540 extabant,
486 3470 526 3528 sic
538 3470 728 3548 explicantur.
742 3478 762 3507 “
771 3474 896 3552 Ecgfridi
908 3493 1007 3534 necem
1020 3478 1057 3535 ad
1069 3477 1163 3536 fratris
1173 3476 1277 3535 Aliridi
1286 3495 1378 3543 aures,
1389 3474 1484 3544 anxie,
1490 3474 1627 3551 praecipiti
1639 3477 1765 3552 pervenit
1773 3478 1902 3555 Epistola

327 3577 347 3605 “
367 3590 469 3648 penna
510 3572 538 3630 Is
549 3574 617 3650 quia
629 3576 743 3648 nothus,
764 3586 797 3636 ut
809 3580 880 3649 dixi,
895 3590 967 3650 erat,
983 3581 1109 3641 factione
1127 3581 1309 3658 optimatum,
1318 3577 1445 3655 quamvis
1458 3577 1562 3648 senior,
1577 3578 1674 3655 Regno
1686 3579 1814 3658 indignus
1824 3583 1902 3640 aesti-

328 3681 348 3710 “
370 3690 473 3749 matus,
486 3677 516 3736 in
529 3677 768 3755 Hylen-niumscu
789 3682 825 3753 vi,
845 3701 895 3740 seu
909 3683 1103 3759 indignatione
1122 3695 1286 3743 secesserat.
1327 3681 1371 3740 lbi
1397 3692 1427 3738 et
1448 3683 1486 3738 ab
1513 3681 1580 3740 odio
1603 3682 1740 3742 Germani
1767 3695 1855 3758 tutus,
1871 3696 1903 3746 et

330 3786 349 3815 ‘⁸
370 3801 472 3859 magno
487 3784 545 3843 otio
559 3784 647 3843 literis
660 3785 796 3858 imbutus,
809 3789 887 3846 omni
910 3788 1095 3867 Philosophia
1111 3799 1311 3866 composuerat
1324 3787 1461 3843 animum.
1496 3784 1644 3855 Quocirca
1657 3788 1771 3866 Imperii
1787 3789 1905 3851 iubenis

330 3890 350 3919 ⁴‘
371 3886 527 3945 debiliorem
546 3889 718 3959 estimantes,
732 3890 783 3966 q'ui
805 3891 949 3968 quondam
974 3894 1155 3970 expulerant,
1178 3894 1254 3951 ultro
1268 3887 1493 3967 expetiverunt.'’
1510 3890 1554 3962 (4)
1573 3890 1682 3950 Eadem
1697 3894 1784 3955 tradit
1795 3896 1906 3974 Harpa·

328 3990 431 4050 ieldius
447 3993 492 4067 (5)
533 3996 552 4024 ‘⁴
573 3992 728 4050 invitatum
742 4012 779 4050 ex
793 3993 930 4052 Hibernia
942 4014 961 4052 a
974 3996 1144 4055 Proceribus
1158 3997 1194 4053 ad
1206 3997 1337 4072 Regnum
1351 3993 1568 4069 capescendum,
1582 3994 1632 4053 ubi
1646 3998 1727 4068 exul,
1741 4000 1789 4056 sed
1804 4019 1906 4076 magno

330 4097 351 4126 ⁴⁸
371 4113 423 4151 suo
438 4096 512 4152 bono
526 4093 685 4165 delituerat,
699 4095 787 4154 literis
800 4097 887 4155 sacris
899 4100 1066 4174 praesertim,
1080 4100 1189 4177 egregie
1209 4100 1318 4158 ibidem
1331 4095 1459 4155 animum
1479 4095 1618 4167 excoluit,
1632 4110 1663 4156 et
1675 4099 1904 4158 administrandas

333 4197 353 4226 “
375 4195 551 4270 Reipublicae
565 4201 653 4275 magis
670 4199 735 4257 inde
749 4199 868 4259 idoneus
895 4203 1020 4261 redditus
1046 4204 1117 4263 est.''
1159 4205 1244 4263 Bedae
1264 4204 1372 4272 locum,
1392 4203 1430 4258 ab
1451 4200 1710 4276 Edinburgensibus
1728 4214 1906 4277 corruptum,

332 4297 442 4372 egregie
466 4297 591 4372 explicat
617 4301 803 4364 Doctissimus
828 4305 931 4367 Smith.
985 4312 1005 4341 ‘⁴
1026 4307 1173 4367 Aldsridus
1196 4310 1249 4367 sub
1272 4324 1357 4386 regno
1379 4303 1472 4362 fratris
1496 4303 1539 4360 sui
1563 4302 1698 4391 Ecgsridi,
1721 4322 1771 4361 seu
1794 4305 1832 4374 ri,
1852 4324 1904 4367 seu

350 4632 384 4678 11)
401 4627 484 4676 Veter.
496 4625 573 4691 Epist.
584 4623 682 4692 Sylloge
693 4643 717 4692 p.
729 4631 770 4685 38,
778 4632 867 4686 8240.
964 4639 998 4685 tt)
1016 4637 1122 4685 Fordnni
1133 4635 1280 4684 Scoticlnon.
1292 4636 1309 4683 l.
1320 4637 1346 4690 3,
1356 4650 1378 4683 c.
1388 4635 1429 4689 51,
1440 4634 1529 4698 [1159.
1546 4628 1687 4693 Edinburgii
1698 4632 1771 4682 1⁷59.

350 4712 386 4760 181
403 4708 461 4758 Bed.
474 4708 571 4758 deVrta
580 4706 798 4759 Cuthberti-edit.
811 4710 924 4760 Cantaba
937 4717 1007 4771 1722,
1018 4730 1040 4762 c.
1053 4719 1093 4770 21,
1105 4731 1129 4777 p.
1143 4718 1199 4769 248,
1210 4718 1266 4764 980.

353 4792 387 4841 (1)
405 4788 555 4837 Malmeabur.
568 4789 599 4836 de
611 4787 680 4838 Gest.
692 4788 756 4854 ch.
766 4789 866 4856 Anglor.
878 4790 895 4839 l.
909 4797 931 4848 1,
940 4791 997 4842 ride
1008 4793 1139 4857 Scriptores
1150 4793 1272 4855 portuen.
1283 4793 1300 4842 1.
1313 4798 1337 4852 1,
1348 4809 1372 4860 p.
1385 4797 1425 4850 21,
1436 4792 1495 4843 edit.
1508 4790 1618 4844 aanor.
1630 4793 1702 4841 1601.

353 4868 387 4920 151
405 4866 533 4941 Har-poseld
542 4884 596 4919 aec.
610 4872 635 4926 7,
645 4885 667 4920 c.
679 4874 720 4921 27.
