4446 6000
761 559 1022 626 auxanus
1058 557 1463 622 unroxrnusus.
1792 527 1900 619 385

319 739 352 811 lr.
368 738 580 812 Fiacirrach.
601 736 807 812 cloicraeca
827 739 932 812 Telca
949 737 1139 809 iunmuirur
1159 737 1196 808 iu
1209 736 1405 831 Osrnigiblr-
1418 738 1460 809 do
1475 734 1791 831 dluighidocirair
1805 734 1902 806 mei-

318 863 418 934 nedd.
457 862 568 937 Clocir
594 865 636 935 do
662 864 789 960 rgeiua
804 886 845 934 aa
861 861 1071 934 coronarii
1094 884 1138 931 aa.
1161 857 1345 954 Leighr'ad
1359 860 1427 931 irin
1445 861 1520 931 cill.
1571 857 1718 930 Samuel
1734 859 1757 928 Ιι
1774 857 1897 951 Angli

319 984 403 1082 Esp.
422 986 641 1060 athaulium
668 989 706 1059 in
734 1012 767 1083 p.
790 1011 823 1081 q.
880 982 993 1056 Ceull.
1015 982 1113 1056 Com.
1129 982 1219 1055 Pur.
1241 981 1367 1077 dogab
1394 981 1604 1080 Epscopaiti
1628 982 1845 1054 Athacliath
1875 1002 1898 1053 a

319 1107 431 1201 tugda
449 1106 544 1181 Gall
560 1116 582 1187 7
597 1104 778 1180 Gaeidiril.
835 1105 900 1180 Du
912 1104 1025 1179 ereitlr
1038 1106 1160 1178 triuia
1179 1105 1344 1178 erasaa
1361 1131 1381 1177 a
1396 1105 1529 1178 diurna
1548 1104 1676 1179 aaran
1693 1128 1732 1176 eu
1749 1106 1845 1177 crois
1863 1127 1897 1174 m

319 1228 430 1323 Brig.
451 1230 493 1300 du
512 1232 594 1302 lore.
650 1230 771 1302 Aeaea
784 1229 906 1324 gaithi
924 1232 965 1302 do
984 1230 1189 1302 thiaclrtain
1207 1231 1243 1302 in
1262 1231 1312 1303 N.
1335 1229 1426 1302 Dec.
1452 1231 1572 1301 corula
1599 1252 1622 1299 a
1641 1226 1838 1326 beaucopor
1855 1228 1905 1298 du

316 1352 555 1425 eiloictlriuclr
567 1351 822 1437 Airdanruclru,
837 1365 858 1431 7
875 1377 941 1425 coa
960 1353 1209 1450 deruufidirur
1224 1349 1350 1451 morso
1368 1353 1436 1426 Er.
1459 1355 1542 1425 uile.
1569 1350 1782 1447 [Donaldus
1800 1348 1897 1420 filius

315 1475 489 1571 Ardgarii
508 1475 572 1547 filii
593 1474 775 1563 Lochlini,
806 1500 994 1572 supremus
1015 1477 1095 1549 Rex
1116 1477 1314 1562 Hiberniae,
1353 1475 1615 1549 ornatissimus
1644 1473 1901 1545 Hibernorum

319 1594 446 1668 formae
466 1597 685 1694 praestantia,
707 1611 744 1670 et
756 1598 903 1695 generis
918 1600 1123 1687 nobilitate,
1146 1601 1351 1698 prudentia,
1366 1614 1403 1672 et
1417 1624 1599 1672 armorum
1619 1597 1894 1684 luctaminibus,

317 1702 566 1816 prosperitate,
587 1734 625 1793 et
648 1718 880 1809 fortitudine,
905 1721 1163 1794 munificentia
1179 1721 1345 1794 donandi
1374 1746 1430 1794 res
1454 1724 1640 1818 pretiosas,
1675 1734 1713 1792 et
1747 1720 1900 1805 cibaria,

316 1840 411 1913 obiit
425 1841 462 1932 in
474 1842 643 1914 Derrensi
660 1842 833 1939 (oppido)
844 1844 877 1916 S.
890 1843 1083 1933 Columba
1095 1844 1355 1931 Ecclesiarum,
1378 1859 1512 1917 octavo
1524 1855 1671 1917 annuet
1684 1869 1770 1914 xxx
1790 1842 1902 1939 regni·

317 1965 383 2048 sui,
402 1979 618 2038 sextoanno
632 1991 718 2038 cum
738 1967 805 2039 lxx
821 1966 1034 2055 aetatissuae,
1054 1966 1091 2037 in
1116 1981 1228 2037 nocte
1244 1965 1349 2062 primi
1359 1965 1494 2063 jejunii
1506 1969 1544 2063 (i.
1559 1992 1588 2042 e.
1607 1967 1679 2040 diei
1691 1965 1897 2057 Mercurii)

317 2088 411 2181 etin
431 2103 563 2182 quarto
584 2089 638 2162 Id.
660 2089 856 2178 Februarii,
877 2102 915 2163 et
941 2090 979 2161 in
1012 2086 1108 2162 festo
1142 2087 1398 2176 Mocuarochi,
1430 2102 1594 2190 tempore
1611 2103 1810 2164 nocturn0.
1829 2086 1891 2184 (1)

318 2209 524 2306 Cumagius
549 2212 659 2284 filiius
674 2213 850 2286 Deoradii
866 2213 1006 2286 O'Flan
1026 2240 1090 2287 rex
1110 2215 1304 2288 Derlassiae
1319 2215 1505 2286 demersus
1525 2213 1562 2283 in
1583 2215 1665 2285 lacu
1686 2210 1799 2299 Each‚
1814 2224 1899 2309 pust

317 2346 571 2429 expugnatam
601 2333 764 2407 Insulam
794 2334 1052 2407 Darcarcrenii
1081 2346 1212 2407 contra
1236 2334 1403 2423 Euchios,
1436 2336 1473 2405 in
1507 2359 1582 2430 qua
1598 2333 1713 2406 occisi
1748 2349 1837 2406 sunt
1870 2358 1894 2406 v

317 2479 423 2552 supra
438 2456 489 2527 xl.
519 2452 1023 2557 Gildas·Episcopus·E0gan
1041 2458 1315 2547 O'Andiaradh,
1329 2459 1411 2532 Rex
1431 2455 1682 2544 Cianuachtae,
1703 2457 1850 2530 occisus
1872 2480 1894 2529 a

316 2580 391 2651 suis
406 2578 579 2653 fratribus
589 2580 628 2652 in
642 2581 763 2656 medio
775 2583 973 2656 coemeterii
994 2582 1297 2657 Bennchorensis.
1353 2581 1552 2656 Exercitus
1562 2606 1647 2655 cum
1661 2581 1898 2655 Turdelbaco.

319 2703 567 2777 O'Concobar
583 2718 621 2777 et
639 2730 725 2778 cum
744 2707 942 2802 quinterna
962 2707 1161 2803 (divisione
1178 2707 1382 2800 Hiberniae)
1400 2708 1603 2795 Connacia,
1641 2703 1896 2792 Desmoniam,

318 2826 437 2901 donec
455 2843 724 2902 vastaveruuta
738 2830 917 2905 limitibus
928 2832 1092 2931 planitiei
1105 2833 1231 2906 Femin
1249 2831 1515 2927 usqueTralee,
1544 2829 1879 2926 Saecularia(et)Ec

319 2948 533 3041 clesiastica,
554 2953 575 3025 i.
587 2977 616 3025 e.
631 2963 680 3033 70
688 2953 871 3028 Ecclesias
883 2956 941 3028 vei
956 2955 1063 3052 paulo
1075 2957 1168 3054 plus.
1188 2956 1349 3028 Vastaus
1360 2953 1546 3028 exercitus
1563 2978 1647 3026 cum
1663 2951 1897 3026 Turdelbaco

317 3072 565 3147 O'Concobar
591 3077 722 3150 iterum
756 3078 1007 3166 Desmuniam,
1028 3078 1150 3153 donec
1173 3077 1332 3152 vastavit
1352 3091 1481 3149 terram
1503 3075 1703 3147 immunem
1733 3072 1896 3146 Lissmo·

317 3198 388 3285 riae,
407 3212 445 3272 et
461 3200 615 3275 abstulit
645 3201 755 3274 boum
785 3204 945 3302 praedam
970 3203 1172 3302 ingentem,
1200 3215 1238 3276 et
1268 3203 1389 3274 donec
1407 3200 1552 3274 occisus
1569 3212 1625 3271 est
1644 3198 1825 3272 Mu‘redac
1847 3199 1895 3272 0’

318 3318 490 3426 Flaherty
510 3322 593 3397 Rex
610 3325 852 3431 occidentalis
873 3328 1085 3413 Connaciae,
1121 3341 1161 3400 et
1192 3323 1274 3398 Aed
1304 3323 1500 3397 O'Hedia'u
1531 3323 1614 3397 Rex
1633 3321 1893 3399 Fiachrachiae.

319 3442 535 3542 Campanile
547 3447 897 3523 Telchaeinnmauiae
916 3453 952 3523 in
969 3451 1118 3524 Ossoria
1134 3449 1355 3522 dissolutum
1376 3471 1397 3518 a
1414 3444 1581 3518 fulmine.
1635 3446 1774 3519 Saxum
1793 3447 1894 3521 diru-

317 3581 397 3638 tum
430 3568 515 3642 inde
540 3571 681 3643 occidit
707 3572 979 3647 scholasticum
1014 3574 1051 3646 in
1068 3572 1245 3647 Ecclesia.
1301 3570 1445 3644 Samuel
1477 3568 1656 3666 O'Hauly
1690 3568 1896 3667 Episcopus

317 3688 573 3763 Dublinieusis
588 3693 625 3763 in
643 3718 732 3790 pace
751 3696 903 3789 quievit.
960 3696 1091 3767 Celsus
1110 3695 1280 3767 Vicarius
1297 3692 1447 3772 Patricii
1466 3690 1610 3761 obtinet
1629 3689 1894 3787 Episcopatum

313 4004 356 4074 (1)
378 4004 449 4061 Haec
463 4006 550 4081 paulo
564 4006 675 4064 diverse
700 4019 850 4064 narrantur
876 4028 893 4064 a
908 4008 949 4063 lv
963 4007 1126 4083 Magistrie,
1141 4010 1177 4065 ad
1201 4007 1322 4066 eundem
1339 4025 1444 4063 annum
1472 4009 1492 4038 “
1506 4004 1552 4060 iar
1574 4004 1671 4061 micui
1685 4005 1777 4062 scaci!
1792 4007 1890 4065 malina

315 4099 427 4174 “ficiet
440 4119 490 4156 aas
503 4100 545 4156 Er
556 4101 654 4176 irigdc,
668 4108 685 4164 7
700 4121 732 4158 en
743 4102 845 4159 balian.
859 4123 877 4159 a
889 4103 978 4179 irighe
992 4102 1098 4179 Ailiglr,
1126 4103 1178 4160 isin
1192 4102 1387 4160 tre-blindlraiu
1402 4101 1477 4159 recht
1489 4099 1629 4177 magdala
1645 4101 1740 4170 neisi,”
1767 4101 1798 4178 [⁸⁴
1815 4116 1892 4180 post·

314 4201 333 4229 “
349 4216 433 4273 quum
448 4196 542 4254 fuisset
558 4202 593 4259 27
607 4184 688 4255 armis
703 4197 849 4254 Hibernia
863 4199 935 4266 Rex,
945 4184 1081 4255 'undecim
1097 4200 1176 4259 anuis
1191 4200 1253 4255 Rex
1266 4198 1398 4266 Aiichiae,
1410 4197 1438 4253 in
1453 4201 1492 4258 73
1503 4215 1579 4252 anuo
1592 4194 1725 4272 aemtis.'']
1759 4198 1791 4256 In
1805 4199 1893 4257 coci·

315 4290 394 4348 cibus
410 4293 518 4349 numeri
531 4293 559 4348 rii
575 4292 657 4350 facilc
671 4293 852 4369 accipiuntur
865 4313 916 4370 pro
931 4295 966 4359 vi,
981 4306 1010 4351 et
1021 4295 1171 4365 uicercrsa,
1186 4295 1312 4371 itemque
1328 4293 1373 4349 viii
1389 4312 1440 4370 pro
1455 4294 1503 4360 vii,
1515 4305 1545 4350 et
1559 4293 1712 4351 vicercrsu.

355 4387 489 4457 Quaruor
504 4384 705 4463 Magistrorum
721 4387 846 4445 numeris
860 4388 984 4446 adhaeret
1007 4389 1169 4464 Colgnrrus3
1185 4400 1214 4448 et
1229 4390 1344 4466 quidem
1358 4387 1566 4447 Ultuuiensium
1583 4390 1770 4447 numeros'ita
1790 4408 1888 4447 emen·

317 4481 425 4539 dandos
435 4503 503 4551 csse,
516 4485 556 4539 rel
567 4484 632 4540 hinc
641 4494 731 4559 patet,
740 4485 816 4559 quiid
830 4486 888 4541 dics
897 4485 1041 4542 Februarii
1054 4485 1083 4542 ix
1097 4485 1231 4544 inciderit
1243 4503 1318 4541 nuno
1336 4491 1406 4543 1121
1419 4485 1447 4541 iu
1459 4485 1557 4542 serram
1570 4496 1712 4562 quartam.
1736 4486 1893 4556 exereres,

316 4575 391 4632 inter
414 4595 521 4634 annum
537 4578 695 4654 Interregui
712 4580 798 4657 elapsi
817 4599 891 4636 anno
909 4587 995 4649 1094,
1019 4590 1049 4639 et
1076 4599 1182 4637 anuum
1205 4581 1387 4650 hunc1121,
1410 4580 1476 4637 anni
1491 4585 1528 4645 27
1554 4580 1746 4649 intercedunt,
1766 4593 1794 4637 ct
1816 4581 1891 4639 inter

315 4689 420 4726 animm
437 4674 543 4748 pariter
561 4681 646 4740 1094,
661 4686 688 4729 et
704 4693 809 4733 aunum
828 4683 903 4744 1119
915 4695 971 4752 quo
985 4677 1055 4734 obiit
1071 4677 1293 4735 Murcertachus
1303 4677 1440 4747 O’Brian,
1463 4683 1499 4735 25
1514 4677 1580 4733 anui
1594 4677 1782 4744 intercedunt,
1798 4677 1838 4734 ita
1859 4688 1893 4736 ut

316 4767 327 4821 1
333 4766 357 4820 V
375 4766 576 4840 Magistrorum
590 4770 696 4826 numeri
715 4772 751 4827 ad
765 4773 877 4847 apicem
889 4774 1063 4830 concordare
1079 4773 1390 4831 inveniantur.-l·linc
1404 4793 1488 4849 porro
1502 4773 1699 4830 deducendum
1721 4782 1764 4829 est
1777 4772 1889 4834 initium

315 4861 467 4935 interregni
485 4880 625 4920 annururn
644 4872 689 4934 15,
716 4886 773 4940 quo
796 4867 955 4936 intervallo,
981 4869 1065 4943 Regis
1082 4868 1225 4926 Hiberniae
1245 4868 1360 4924 titulum
1375 4886 1457 4924 namo
1472 4887 1528 4942 prae
1544 4886 1574 4923 se
1587 4866 1651 4937 ferr,
1676 4877 1705 4925 et
1730 4886 1786 4943 quo
1808 4872 1890 4950 expi-

317 4970 407 5029 rante,
420 4958 530 5016 inuium
543 4961 620 5035 regni
634 4960 825 5020 Turdelbachi
841 4963 873 5036 (i.
883 4982 908 5020 e.
922 4963 1104 5038 Theudorici)
1118 4964 1253 5023 O’Conur
1279 4963 1346 5023 iude
1360 4963 1498 5033 dimanat,
1512 4963 1533 5022 i.
1544 4983 1571 5024 e.
1584 4965 1621 5023 ab
1634 4981 1710 5023 auno
1726 4960 1813 5026 11³6.
