4446 6000
361 556 462 660 160
786 591 1047 657 anninus
1090 587 1485 656 aaronrarrsas.

358 771 696 860 Nordmannorum,
714 796 796 869 quae
813 797 888 846 non
907 782 1099 845 numerata
1117 780 1215 859 sunt,
1252 769 1478 858 ceciderunt,
1512 767 1575 842 sed
1597 767 1681 844 Rex
1699 795 1785 845 cum
1805 773 1934 870 paucis

357 895 483 983 evasit,
506 896 541 969 ·i·
556 895 723 995 Amlaph.
768 895 828 969 Ex
845 897 959 969 altera
972 919 1057 968 vero
1072 909 1183 992 parte,
1204 893 1407 965 multitudo
1425 893 1615 965 Saxonum
1634 894 1780 970 cecidit
1809 898 1930 971 Adai-

355 1029 441 1089 stan
461 1041 555 1107 vero,
579 1019 659 1091 liex
679 1021 877 1107 Saxonum,
899 1043 1036 1114 inagna
1054 1015 1212 1089 victoria
1236 1015 1377 1088 ditatus
1404 1026 1468 1086 est.
1494 1013 1555 1108 (1)
1611 1013 1706 1090 Mam
1733 1017 1856 1114 Etigtr
1874 1044 1929 1090 mc

356 1140 579 1214 Antiscmoin
596 1143 632 1214 ri
659 1143 869 1238 ⁴lfogdorna
893 1165 1020 1238 magen
1037 1140 1136 1236 [Rex
1156 1135 1393 1237 Mugdorniae
1412 1134 1639 1232 campestris]
1668 1151 1836 1213 mortuus
1860 1156 1924 1213 est.

356 1261 496 1335 ledaea
514 1264 689 1362 Princeps
705 1266 829 1340 Sloine
843 1278 1011 1337 mortuus
1030 1275 1096 1336 est.

355 1385 551 1471 01111111
569 1387 633 1480 uit,
651 1389 694 1460 al.
715 1388 873 1470 reputit.
923 1387 1102 1461 Dubtartr
1120 1384 1323 1461 Commota
1343 1382 1420 1456 Cot.
1444 1381 1514 1455 Cil.
1534 1393 1557 1461 7
1575 1384 1789 1475 Adonrnain,
1808 1386 1930 1482 [Dub-

356 1509 440 1582 tach
470 1511 631 1585 vicarius
648 1511 705 1585 SS.
728 1509 921 1584 Columbae
952 1523 989 1583 et
1021 1506 1247 1599 Adamnani]
1279 1507 1316 1577 in
1336 1504 1596 1602 pacequierit.
1652 1506 1933 1606 Maclcoirniglr

354 1657 433 1707 mac
451 1634 595 1708 Conoilt
612 1634 784 1732 Princeps
798 1635 833 1706 T
830 1635 945 1707 trilain
961 1632 1064 1707 obiit
1117 1631 1257 1728 Fcrgal
1276 1656 1352 1704 aroc
1370 1631 1597 1721 Dominaill,
1614 1633 1654 1705 ri
1671 1634 1814 1730 Ailigfr,
1832 1635 1929 1730 [Rex

350 1954 394 2026 (1)
414 1949 565 2010 Chronicon
579 1952 680 2011 Sason.
690 1955 749 2012 hoc
768 1954 896 2030 praefrum
912 1953 1006 2020 refert,
1020 1963 1049 2009 et
1063 1961 1152 2018 recte,
1166 1952 1203 2008 ad
1215 1970 1283 2009 anri.
1297 1970 1361 2013 aerae
1382 1969 1457 2008 corn.
1471 1951 1695 2018 937-Gestum
1709 1960 1752 2008 est
1774 1952 1803 2008 in
1819 1952 1929 2009 North-

350 2044 465 2106 umhn'a
478 2049 554 2124 apud
568 2049 778 2127 Brnnnaniorg,
803 2052 926 2127 [Turget
940 2050 969 2105 in
983 2049 1090 2104 Chion.
1100 2047 1197 2122 Episc,
1209 2045 1360 2119 Dunelm,]
1381 2046 1450 2103 alias
1467 2044 1742 2121 firmndane,[1.eges
1758 2047 1929 2123 Ethelredi,]

354 2142 642 2219 choadane,[fab.
657 2145 852 2204 Ethelwerdus
866 2147 923 2213 14,
934 2162 960 2201 c.
971 2142 1013 2218 5,]
1027 2141 1392 2218 lironejirrd‚[1ngulph..et
1407 2138 1570 2214 Malmee'o]
1593 2141 1816 2216 lluntingdonus
1827 2142 1931 2219 inquit

347 2243 372 2274 ⁴⁴
383 2239 527 2318 Amlasam
542 2241 625 2299 fuisse
640 2242 745 2317 Regem
761 2241 931 2316 Norwegum
949 2239 1105 2306 Hiberniae,
1116 2248 1148 2294 et
1160 2237 1354 2297 1010101001.υ
1376 2238 1396 2297 l.
1409 2244 1438 2306 5,
1457 2237 1508 2295 sot.
1523 2243 1594 2304 103,
1604 2238 1684 2313 ¹quod
1700 2240 1857 2297 coneordat
1871 2259 1929 2298 non

348 2334 440 2395 solum
453 2355 519 2394 cum
531 2336 575 2394 his
586 2337 754 2405 Annalibus,
768 2337 815 2393 sed
829 2355 895 2394 curn
910 2334 1061 2401 Florentio,
1075 2333 1233 2402 Hooedena,
1247 2332 1386 2409 florilego
1401 2334 1437 2390 ad
1452 2353 1518 2391 ann.
1528 2337 1600 2402 937,
1623 2332 1758 2409 ingulpho
1769 2333 1799 2390 in
1813 2334 1931 2394 historia

349 2430 570 2508 croylandensis,
583 2445 738 2497 etcumeo.
749 2431 797 2508 qui
809 2450 864 2488 non
877 2431 959 2506 longe
973 2432 1009 2486 ab
1023 2430 1066 2486 his
1078 2431 1252 2505 temporibus
1265 2432 1374 2496 aberat,
1390 2429 1536 2486 Haclaldo
1555 2428 1706 2486 filrroncnre
1722 2431 1880 2501 lllonacho,
1900 2432 1931 2490 in

349 2525 408 2584 vita
418 2525 522 2596 Leoini,
537 2528 669 2585 dedicata
683 2526 824 2594 Baldriro,
836 2525 1062 2601 Trajectensium
1072 2525 1213 2600 Episcopo
1223 2527 1260 2581 ab
1270 2544 1345 2582 anne
1356 2531 1427 2593 918,
1436 2525 1472 2581 ad
1486 2529 1557 2592 977,
1568 2525 1671 2600 dequo
1681 2524 1748 2582 side
1762 2545 1848 2602 supra
1863 2546 1928 2603 pag.

349 2625 419 2689 188,
438 2620 802 2690 189.-Auctor(3lronici
823 2621 924 2678 Saron.
939 2621 1094 2696 inquit-‘⁶
1104 2619 1297 2678 AEtlrelstanus
1311 2621 1385 2689 Rex,
1400 2621 1518 2696 ejusque
1534 2621 1633 2688 frater,
1655 2620 1861 2679 irrterfecerunt
1873 2623 1929 2680 lli·

349 2717 370 2749 ‘⁸
380 2717 496 2802 ,betpon
506 2715 539 2774 in
548 2715 650 2797 praelio
665 2715 861 2773 Brananbartr,
872 2755 900 2773 .,
911 2716 1078 2773 motorum
1093 2736 1171 2792 gens,
1198 2717 1231 2794 [i.
1243 2737 1270 2775 e.
1287 2717 1491 2786 Hibernorum,
1510 2715 1628 2791 Gibron]
1657 2728 1685 2774 et
1706 2717 1819 2775 narium
1834 2717 1929 2775 classis

349 2815 371 2846 “
387 2811 501 2887 egregia
513 2809 807 2887 peribant—Salus
822 2824 890 2868 tunc
914 2811 997 2869 nullis
1010 2813 1135 2888 quicum
1151 2813 1267 2880 Anlafo,
1277 2824 1358 2869 ‘trans
1372 2813 1455 2870 maris
1469 2831 1597 2889 campos,
1619 2823 1722 2870 terram
1738 2813 1880 2890 petierunt
1892 2813 1930 2870 ad

345 2910 370 2948 ¹⁸
384 2925 507 2984 pugnam
521 2907 654 2966 fatalem.
691 2907 829 2984 Quinque
843 2909 1044 2966 occubuerunt
1066 2908 1131 2965 loco
1154 2909 1241 2984 praeiii
1256 2909 1357 2985 Reges,
1390 2921 1500 2984 septem
1517 2909 1604 2967 etiam
1621 2910 1718 2966 Duces
1729 2909 1842 2966 Anlafi:
1866 2911 1931 2968 abs·

345 3000 369 3037 ⁴⁴
378 3023 440 3080 -que
455 3023 580 3063 nurnero
599 3005 634 3062 de
653 3005 786 3064 exercitu
809 3004 914 3074 navali,
938 3014 968 3062 et
992 3004 1089 3063 Scotis
1104 3005 1280 3062 oeciderunt·
1322 3004 1441 3062 Anfafus
1465 3024 1532 3062 cum
1556 3005 1656 3081 paucis
1679 3004 1766 3062 vitam
1788 3003 1930 3064 liberarit.

347 3102 368 3136 “
380 3097 580 3163 Constantinus
603 3120 685 3160 suum
701 3101 792 3159 filium
809 3100 923 3177 reliquit
936 3102 966 3157 in
988 3100 1052 3158 loco
1066 3101 1175 3176 stragis.
1200 3100 1327 3158 Gloriari
1342 3119 1398 3157 non
1412 3101 1505 3177 potuit
1516 3100 1609 3176 proles
1628 3100 1883 3169 commonendae
1900 3101 1930 3158 in

321 3242 327 3255 .
343 3191 369 3228 '⁸‘
379 3197 487 3270 1110110,
500 3205 624 3255 retostus
637 3197 757 3273 ingenio.
782 3197 845 3253 Nec
857 3197 944 3271 magis
957 3195 1086 3263 Anlafus,
1099 3215 1257 3272 eorumque
1272 3196 1398 3272 reliquiae
1407 3196 1521 3270 jactare
1534 3206 1699 3272 potuerunt
1742 3197 1930 3254 1101101011-

272 3278 275 3282 ⁴
348 3291 368 3324 '⁴
382 3292 474 3366 quiin
489 3292 559 3350 mari
574 3311 686 3362 resono,
701 3292 774 3349 ultra
787 3291 959 3367 profundam
972 3309 1087 3366 aquarn,
1096 3290 1251 3366 Dp'elinnm
1263 3290 1461 3367 [Dublinium]
1472 3302 1583 3368 petunt.
1610 3293 1676 3349 Non
1687 3293 1740 3348 fuit
1752 3304 1857 3367 strages
1867 3311 1930 3350 ma-

347 3388 368 3422 11
378 3385 429 3459 jor
440 3386 470 3442 in
484 3385 784 3461 liaciasulaanquam‚
793 3388 927 3462 pluresve
938 3387 1040 3464 populi
1052 3387 1151 3455 occisi,
1162 3405 1233 3463 quos
1243 3399 1474 3444 commemorant
1487 3387 1552 3443 fiiri
1564 3395 1682 3444 0111111111
1693 3386 1930 3445 Historicorurn.”

348 3479 395 3536 Ex
409 3478 452 3536 his
472 3490 595 3546 constat,
609 3481 758 3550 Hibernos,
771 3481 948 3539 Constantini
969 3483 1082 3549 milites,
1099 3500 1147 3538 eos
1168 3481 1251 3538 fuisse
1274 3483 1469 3549 auricomatos,
1492 3481 1609 3539 audaces
1633 3481 1661 3537 in
1681 3481 1787 3556 prolia,
1803 3489 1927 3540 vetustos

346 3573 510 3650 ingenio,de
523 3574 625 3650 quibus
650 3577 960 3653 H.lluntingdonensis
976 3576 1067 3652 inquit
1089 3581 1109 3611 ‘⁸
1124 3576 1201 3634 Gens
1215 3595 1281 3633 vero
1300 3577 1520 3648 Hiberncnsirm,
1542 3589 1571 3635 et
1586 3578 1725 3654 puppium
1749 3577 1927 3636 habitatores

347 3668 459 3738 fatales,
483 3679 654 3729 corruerunt
674 3672 703 3730 in
722 3672 819 3750 praelio
833 3671 1023 3731 Braneiurlrl'
1045 3673 1121 3731 Hist.
1132 3673 1152 3730 l.
1164 3679 1193 3741 5,
1204 3672 1278 3729 inter
1292 3671 1449 3747 Scriptores
1469 3682 1533 3749 post
1556 3673 1625 3732 Bcd.
1641 3673 1822 3732 Fmrrkofurti
1838 3669 1927 3746 1601,

343 3783 376 3842 p.
386 3771 457 3833 354,
472 3765 522 3822 ubi
537 3765 677 3825 Hibernos
691 3788 708 3825 a
724 3769 815 3826 Danis
835 3770 968 3827 secernit.
1001 3769 1096 3826 Poeta
1109 3768 1218 3844 antiqui
1234 3768 1379 3825 Hibernos
1390 3771 1576 3845 designabant
1599 3770 1690 3828 verbis
1713 3774 1734 3804 ‘⁸
1749 3767 1929 3847 Slaoglscta

335 3859 525 3939 foftlaidhe,”
538 3862 570 3939 [i.
579 3882 606 3922 e.
617 3865 705 3922 Acies
719 3864 815 3934 docta,
827 3863 1029 3939 auricomata‚]
1043 3877 1077 3923 ut
1089 3864 1118 3922 in
1135 3865 1275 3923 Poemate
1291 3863 1526 3922 Hibemicoanni
1546 3872 1634 3935 1033,
1645 3866 1674 3922 io
1689 3865 1792 3923 horum
1807 3865 1929 3922 Annali-

345 3977 396 4019 um
407 3959 472 4018 fine.
496 3959 658 4018 chronicon
674 3960 821 4018 Pictorum
832 3960 925 4038 inquit
936 3960 991 4019 hoc
1006 3959 1139 4018 Praelium
1153 3951 1262 4036 gestum
1277 3960 1449 4018 faisse-anno
1464 3961 1643 4021 Constantini
1656 3960 1760 4020 xxxiv.
1782 3961 1928 4020 Errorau·

345 4061 403 4112 tem
416 4067 460 4112 ert
469 4054 501 4112 in
512 4055 728 4133 transpositione
739 4075 934 4126 numerorum,
947 4067 977 4114 et
991 4075 1042 4132 pro
1054 4056 1081 4112 iv
1096 4055 1205 4132 legendi
1217 4063 1284 4114 sunt
1295 4055 1332 4113 ri.
1367 4057 1473 4113 Confer
1485 4066 1545 4114 not.
1556 4057 1593 4112 ad
1607 4075 1675 4114 ann.
1687 4060 1758 4124 707,
1773 4062 1842 4125 915,
1854 4060 1925 4125 917,

344 4149 572 4226 918.-Am·laso
584 4152 713 4209 nonnulli
727 4171 875 4211 nummum
890 4161 1040 4228 argentum
1055 4151 1197 4218 tribuunt,
1212 4152 1321 4209 editum
1332 4171 1350 4208 a
1364 4152 1503 4221 Gibsono,
1516 4149 1634 4208 Camden
1648 4151 1707 4227 Op.
1717 4171 1744 4209 r.
1759 4158 1785 4214 1,
1798 4151 1870 4208 Tab.
1884 4149 1925 4217 iii,

346 4245 405 4303 No.
415 4249 466 4310 34,
491 4262 520 4319 p.
534 4247 693 4314 tos-At,
716 4266 849 4305 nummus
863 4249 917 4306 iste
932 4247 1041 4304 nullam
1054 4247 1172 4304 exhibet
1186 4255 1285 4304 notam
1299 4248 1484 4317 Chronicam,
1496 4260 1598 4325 praeter
1609 4266 1713 4304 nomen
1726 4246 1829 4320 Amlqfi
1838 4243 1926 4319 Regis

346 4338 487 4408 Dablinii,
507 4349 536 4395 et
555 4338 691 4414 insignem
706 4345 818 4410 crucis;
841 4354 953 4402 etcum
973 4343 1021 4400 alii
1035 4343 1151 4401 fuerunt
1163 4343 1269 4399 Amlaii
1284 4344 1465 4419 posteriores,
1479 4345 1637 4400 cavendum
1658 4352 1701 4398 ast
1724 4359 1762 4398 ne
1782 4338 1851 4396 huic
1874 4337 1925 4395 tri-

346 4438 460 4506 buatur,
475 4435 553 4513 quod
566 4451 647 4510 aqua
666 4433 752 4495 tribui
765 4445 858 4511 potest
871 4439 1039 4497 successori.
1080 4440 1230 4496 Pelluntur
1252 4448 1331 4496 certe
1346 4440 1394 4514 qui
1418 4435 1575 4496 Sitricarnl
1601 4435 1768 4495 Christiane
1783 4433 1925 4511 Religioni

344 4551 449 4592 nomen
462 4531 572 4590 dedisse
595 4530 784 4598 contendunt,
807 4549 849 4587 ex
861 4530 919 4588 alio
937 4551 1065 4602 nummo,
1089 4552 1206 4592 crucem
1219 4533 1387 4603 exhibente,
1411 4553 1479 4593 cum
1493 4534 1590 4592 Sitrici
1601 4531 1715 4590 nomine
1733 4529 1926 4606 insculptam

346 4630 427 4704 quasi
442 4647 509 4686 vero
521 4628 571 4686 alii
585 4645 642 4685 non
661 4624 767 4684 fuerint
784 4624 879 4683 Sitrici
899 4627 1082 4701 posteriores,
1094 4630 1197 4704 quibus
1210 4629 1315 4705 potiori
1325 4629 1393 4703 jure
1411 4629 1498 4687 tribui
1512 4629 1612 4706 possit,
1635 4645 1723 4704 quam
1749 4628 1854 4704 primo,
1877 4625 1927 4701 qni

344 4721 481 4787 Ecclesiis
497 4723 642 4782 Hiberniae
664 4723 720 4781 fuit
738 4721 825 4781 hostis
840 4721 1041 4780 infensissimus
1052 4722 1283 4792 i-Ledroiclrias,
1297 4725 1327 4781 in
1340 4723 1437 4801 Opere
1450 4725 1498 4784 cui
1513 4725 1616 4783 titulus
1639 4727 1659 4758 “
1674 4722 1856 4799 Antiquities,
1870 4721 1926 4780 dre.

347 4816 459 4875 Dublin
474 4819 579 4888 1790,”
604 4819 732 4878 Annales
746 4828 867 4888 nostros,
880 4836 952 4895 quos
966 4837 1022 4876 nec
1035 4816 1134 4876 videre
1155 4819 1250 4888 licuit,
1267 4838 1332 4890 nec,
1345 4820 1369 4878 si
1383 4819 1505 4890 vidisset,
1530 4839 1567 4877 ex
1582 4819 1687 4897 lingoae
1700 4819 1824 4896 antique
1847 4819 1927 4894 igno·

344 4900 449 4984 sanda,
461 4909 618 4990 intelligere
640 4925 744 4991 posset,
760 4933 797 4977 ex
811 4914 866 4974 isto
880 4925 976 4976 tamen
990 4931 1117 4982 nummo,
1140 4931 1198 4975 non
1210 4914 1325 4974 dubitat
1337 4913 1493 4993 castigare!
1536 4913 1640 4973 “This
1656 4913 1726 4974 coin
1737 4912 1772 4972 of
1781 4911 1889 4972 Sitlric
1901 4909 1927 4980 l,
