4446 6000
346 479 458 583 334
789 494 1049 565 annuant
1089 487 1496 556 utrumnam.

352 689 387 762 ri
412 677 638 761 Fermonach
662 676 836 753 ‘comaron
869 677 913 749 do
920 670 1053 770 seroib
1080 670 1214 765 Lairg.
1282 663 1497 762 [Exercitus
1530 685 1617 736 cum
1641 664 1719 740 lilio
1749 665 1933 747 Lochleui

355 805 613 909 (Maelochin)
650 815 792 875 etcum
812 797 898 871 viris
923 796 1044 893 campi
1075 791 1148 880 Itlr,
1181 803 1313 865 contra
1347 788 1557 861 clientelam
1597 782 1740 888 Broirig
1774 793 1821 866 de
1845 796 1933 869 lacu

265 1005 267 1009 ,
353 932 532 1018 Drochat,
553 928 675 1001 donec
698 922 933 997 abstulerunt
952 927 1024 991 300
1056 915 1178 1002 boves,
1212 924 1251 984 et
1274 910 1498 984 occiderunt
1528 909 1781 987 Dubheanum
1813 916 1934 991 filium

302 1071 303 1079 ’
355 1051 555 1140 Kennethi,
568 1049 763 1123 AErlituum
778 1044 931 1118 Cluanae
951 1040 978 1112 F
980 1037 1132 1128 iachuae,
1150 1048 1188 1109 et
1200 1035 1407 1108 Cumacum
1424 1034 1541 1106 filium
1560 1034 1930 1112 ClarceuiiOecono-

353 1204 454 1254 mum
473 1173 761 1249 Dalcassiorum.
791 1167 985 1240 Maelcrou
1003 1162 1099 1235 filius
1129 1159 1290 1234 Cathalli
1321 1158 1402 1232 Rex
1415 1158 1555 1255 Bregiae
1576 1161 1722 1235 occisus
1740 1163 1787 1235 ab
1804 1164 1929 1238 O’Re·

353 1325 438 1404 gan.
495 1294 682 1375 Donchad
699 1287 971 1366 O'Ceallachan
988 1284 1138 1357 futurus
1157 1282 1240 1355 Rex
1266 1280 1436 1355 Casseliae
1467 1283 1614 1357 occisus
1640 1285 1689 1357 ab
1705 1286 1931 1361 Ossoriensi·

355 1426 434 1500 bus.
491 1420 595 1495 Niall
614 1414 791 1513 O'Egnig
812 1408 1035 1510 (O’lleney)
1058 1406 1141 1480 Rex
1167 1406 1195 1479 F
1197 1405 1494 1480 ermanachensis
1513 1406 1696 1483 occisusa
1715 1409 1931 1510 Lurgiensi·

355 1547 433 1622 bus.

353 1546 490 1764 aasz
521 1667 604 1743 lt'b.
670 1661 732 1735 Kl.
748 1658 911 1735 Janfer.
927 1655 989 1729 vii.
1009 1653 1103 1727 Lun.
1124 1653 1227 1726 xviii.
1309 1653 1416 1725 [mar
1457 1677 1490 1726 m
1520 1654 1652 1728 Arailt
1681 1656 1717 1728 ri
1741 1654 1836 1730 Gall
1851 1658 1931 1732 doe·

352 1794 447 1868 croht
464 1792 547 1865 Aeo
561 1791 595 1861 lt.
615 1785 768 1882 Fergoil
785 1784 820 1856 ri
836 1782 870 1854 T
864 1781 1022 1875 elchaog,
1054 1790 1078 1859 7
1094 1803 1139 1852 m.
1158 1779 1284 1851 Areon
1300 1777 1333 1849 t.
1356 1776 1511 1849 Celecan
1529 1802 1559 1849 r.
1579 1777 1614 1849 lt.
1633 1802 1677 1851 m.
1699 1778 1850 1854 Bresail
1874 1782 1935 1855 do.

356 1913 484 1989 marblr
501 1912 544 1983 do
553 1908 681 2008 seroib
698 1903 922 1998 Feruntuigi.
953 1902 1123 1999 Dubgoll
1147 1901 1181 1974 lr.
1202 1902 1226 1974 t
1248 1902 1397 1976 Edecan
1416 1925 1447 1974 r.
1469 1903 1504 1974 lr.
1525 1901 1683 1976 Niallon
1702 1903 1871 1976 domarblr
1890 1906 1942 1977 do·

357 2034 569 2110 uLaitlren.
605 2029 744 2103 Maind
757 2022 1030 2122 fian-mltuiglti
1042 2020 1120 2120 for
1136 2023 1196 2096 nib
1216 2023 1436 2120 Meit7sor
1453 2024 1710 2100 Umber-tire
1735 2028 1793 2098 ria
1819 2050 1844 2098 n
1870 2026 1934 2099 uib

357 2158 475 2233 Eaclt.
497 2158 545 2230 du
565 2150 758 2226 itorclror'r
775 2148 812 2220 in
833 2145 1026 2244 croibderg
1056 2149 1221 2221 ridomna
1256 2148 1538 2223 Haemon-tire.
1591 2147 1696 2221 Aeon
1714 2171 1760 2223 m.
1781 2145 1934 2224 Ceinne·

361 2278 443 2378 tigit
459 2304 503 2352 m.
523 2273 775 2351 Duinnclruan
792 2270 986 2344 Muireclt'.
1008 2270 1230 2345 Toirrdltelb.
1251 2273 1421 2345 domorlrlt
1448 2274 1491 2346 do
1521 2271 1783 2346 Corunclrtailr.
1836 2274 1938 2350 cart

360 2406 421 2484 7r'r
430 2398 548 2501 flu'ru
563 2391 650 2473 Alb.
665 2395 846 2477 7Sonanu
864 2396 1072 2469 itorcrodor
1091 2396 1144 2468 tri
1176 2397 1259 2470 mile
1288 2396 1331 2468 do
1352 2392 1478 2494 feruib
1509 2396 1594 2468 Alo.
1611 2405 1635 2476 7
1650 2395 1734 2469 mile
1764 2397 1868 2476 col7lr
1895 2399 1939 2471 do

360 2525 497 2602 Sanun.
518 2525 566 2597 im
584 2519 736 2620 Dolflnn
754 2544 798 2592 m.
816 2517 1005 2592 Finotuir.
1057 2517 1157 2590 Loclr
1186 2519 1425 2593 Sutor-odron
1455 2520 1468 2592 ἱ
1496 2517 1584 2592 sleib
1600 2517 1744 2594 Garrire
1773 2521 1815 2594 do
1832 2520 1940 2594 eludlr

358 2675 384 2723 n
402 2649 549 2723 deiredlt
565 2645 685 2718 aidlrci
695 2643 789 2742 felle
807 2640 967 2740 Micltdl
982 2664 1048 2713 con
1064 2640 1182 2714 deoct.
1209 2642 1280 2714 isin
1296 2639 1451 2714 Foboill.
1503 2643 1621 2738 [lmar
1652 2642 1749 2716 lilius
1782 2642 1935 2716 Haraldi

361 2795 427 2846 rex
444 2767 747 2867 Alienigeuarum
762 2765 865 2838 obiit
918 2763 1000 2837 Aeo
1015 2763 1195 2862 O'Fergal
1209 2787 1276 2837 rex
1289 2764 1510 2864 Telcaogiae,
1539 2778 1576 2840 et
1593 2766 1690 2839 lilius
1718 2767 1859 2842 Arconi
1889 2768 1937 2839 0‘

365 2893 527 2969 Celecan
546 2885 612 2966 re'x
628 2887 807 2979 arentia,
827 2885 943 2961 occisi
962 2911 983 2960 a
1001 2886 1345 2986 Femrnoyensibus.
1379 2888 1549 2987 Dubgall
1564 2889 1794 2965 O’Hedecan
1809 2914 1875 2964 rex
1893 2890 1942 2962 O'

364 3019 626 3094 Niallanoram
641 3013 788 3089 occisus
817 3011 865 3086 ab
881 3010 1123 3086 O'Liataniis.
1172 3011 1354 3087 vVictoria
1372 3013 1654 3113 Finnmoyensis
1672 3015 1719 3089 de
1736 3012 1940 3088 O'Meithis

364 3135 741 3218 etdeUachtartiriis
766 3146 871 3234 parta
900 3159 966 3232 per
983 3133 1203 3226 O’Eachios,
1238 3136 1278 3210 iu
1310 3161 1384 3234 qua
1413 3138 1559 3213 occisus
1592 3150 1647 3214 est
1672 3137 1823 3212 futurus
1854 3137 1940 3211 Rex
2045 3130 2048 3137 ’

362 3263 624 3343 Uachtartiriae
642 3242 929 3358 cognominatim
957 3282 1085 3333 monus
1102 3259 1234 3333 rubro.
1288 3261 1370 3335 Aeo
1398 3260 1496 3336 filius
1516 3261 1717 3361 Cennetigi
1743 3261 1807 3335 lilii
1831 3261 1943 3334 Dun-

364 3386 476 3460 cuani
495 3384 706 3458 Maritimus
715 3380 799 3454 -dux
816 3379 979 3455 Tirlachi
994 3381 1209 3476 (O’Brien,)
1226 3383 1373 3476 occisus
1389 3407 1412 3457 a
1430 3383 1790 3458 Connachtensibus.
1843 3381 1941 3454 Prae·

363 3508 457 3583 lium
473 3506 572 3578 inter
586 3504 683 3576 viros
697 3501 867 3576 Albaniae
883 3512 922 3575 et
939 3503 1102 3576 Saxones
1115 3503 1154 3576 in
1170 3529 1245 3602 quo
1258 3506 1374 3580 occisi
1392 3515 1582 3583 suntoooo
1593 3507 1639 3580 de
1655 3503 1939 3593 Albanensibus,

367 3641 406 3705 et
422 3624 520 3702 mille
537 3652 624 3702 cum
642 3623 798 3700 dimidio
815 3625 851 3721 [i.
871 3649 899 3699 e.
924 3624 1245 3720 1500]Saxonum,
1265 3628 1373 3702 simul
1391 3653 1474 3704 cum
1496 3628 1690 3703 Dollinnio
1718 3627 1794 3700 filio
1824 3626 1940 3700 Firm-

364 3752 466 3828 turii.
496 3749 833 3830 LacusSuidodran
853 3749 951 3848 apud
969 3762 1134 3823 montem
1153 3751 1314 3841 Guariae,
1332 3753 1544 3827 clanculum
1565 3775 1602 3825 se
1616 3750 1798 3825 subduxit
1815 3774 1943 3824 versus

364 3878 478 3953 finem
494 3875 619 3951 noctis
636 3873 721 3948 festi
753 3873 787 3946 S.
803 3871 1010 3967 Michaelis,
1043 3876 1165 3951 donec
1181 3878 1353 3962 transivit
1387 3877 1426 3951 in
1445 3879 1567 3952 lacum
1593 3876 1714 3975 Foyl,]
1749 3875 1848 3972 quod
1862 3899 1942 3948 non

360 4000 535 4079 ‚auditum
554 4011 610 4073 est
626 3997 673 4071 ab
690 3995 865 4093 antiquis.
884 3994 944 4092 (l)

363 4311 417 4385 ·(1)
440 4309 578 4367 Notanda
590 4319 657 4368 sunt
670 4330 732 4386 qua
746 4310 782 4368 ad
797 4311 873 4371 huuc
887 4331 995 4371 annum
1007 4313 1094 4373 babet
1107 4314 1275 4373 florentior.

409 4412 429 4441 “
444 4406 524 4464 Aaou
550 4405 671 4463 clericus
695 4409 830 4464 barbosus
857 4411 886 4466 in
911 4410 1059 4482 Hibernia,
1094 4412 1136 4468 vir
1162 4411 1373 4481 famosissimus,
1387 4421 1416 4466 et
1441 4409 1520 4466 mirae
1544 4406 1696 4485 Religionis
1712 4405 1774 4474 suit,
1797 4403 1844 4481 qui
1859 4402 1945 4460 cleri·

363 4507 389 4542 ·⁴‘
404 4522 515 4573 corum,
528 4502 700 4580 puellarum,
724 4512 753 4558 at
773 4502 913 4560 laicorum
927 4485 1056 4581 magnam
1071 4498 1199 4565 scholam
1218 4508 1351 4577 habebat,
1373 4506 1539 4583 puellasque
1557 4523 1637 4563 more
1662 4502 1828 4561 clericorum
1843 4497 1947 4556 tonde·

365 4603 386 4636 ‘⁴
405 4603 463 4669 bat,
483 4611 602 4678 proptor
622 4597 795 4678 quodetiam
810 4599 846 4656 de
861 4599 999 4658 Hibernia
1011 4602 1154 4677 projectus
1168 4612 1210 4661 eat
1217 4640 1375 4662 .........
1385 4602 1455 4659 Dux
1469 4599 1779 4658 Nortbanhimbrorum
1794 4593 1947 4661 siwardus,

363 4698 389 4727 ¹⁶
399 4695 481 4768 jussu
496 4697 579 4775 Regis
590 4696 656 4771 (i.e.
670 4695 800 4754 Edwardi
813 4693 1000 4768 confessoris)
1024 4715 1090 4753 cum
1105 4701 1228 4772 equestri
1244 4700 1394 4768 Exercitu,
1418 4707 1448 4755 et
1459 4696 1548 4754 classe
1569 4696 1672 4765 valida,
1687 4693 1814 4752 Scotiarn
1825 4678 1904 4757 arliit,
1919 4702 1949 4745 at

364 4792 389 4829 Μ
403 4807 467 4848 cum
484 4792 560 4869 Rege
575 4794 727 4852 Scotorum
740 4789 905 4850 Maobrotlm
919 4790 1045 4868 praelium
1060 4793 1212 4864 commisit,
1233 4812 1268 4852 ac
1288 4794 1383 4852 multis
1406 4792 1529 4851 millibus
1543 4791 1707 4862 Scotorum,
1730 4797 1759 4846 et
1776 4784 1948 4850 Normannis
