4446 6000
676 579 1114 647 Annonartonns
1157 580 1230 641 An
1270 580 1389 643 sec.
1412 580 1543 643 v111.
1797 555 1891 653 141

325 765 451 826 islandia
462 765 546 824 suerit
560 765 719 842 explorata,
733 782 799 822 cum
814 762 988 838 Amgrymus
1002 759 1137 828 Iunonie
1154 760 1282 818 Historia
1294 761 1434 831 lslaudiae,
1455 782 1493 820 ex
1516 763 1632 821 vetustis
1648 765 1768 842 vestigiis
1785 768 1901 844 colliget

321 875 383 919 -“
392 871 513 937 Nautes,
538 869 632 925 nescio
651 885 731 943 quos,
752 866 881 924 lslandiae
896 865 981 923 litore
999 864 1152 940 aliquando
1173 865 1306 941 attigisse,
1330 884 1450 942 quorum
1465 867 1550 935 ηοὶαε,
1574 885 1669 924 cruces
1681 869 1796 944 ligneae,
1824 871 1896 928 elie·

326 980 420 1050 “que
444 991 534 1047 opere,
557 979 584 1028 et
602 980 666 1029 erte
679 970 834 1040 lrlcndico,
861 978 890 1027 et
916 969 1080 1026 Britannice
1101 967 1186 1036 lacte,
1209 969 1403 1046 deprehendit
1427 971 1562 1045 lngulsus,
1583 972 1658 1028 unde
1680 974 1832 1032 verisimile
1854 981 1900 1033 est

323 1081 343 1111 ‘⁴
365 1076 523 1134 Piscatores
536 1075 673 1144 lrlendos,
693 1074 739 1132 vel
757 1074 868 1143 Scotos,
892 1084 925 1129 ut
942 1081 972 1129 et
985 1071 1068 1128 hodie
1081 1070 1197 1146 Anglos,
1214 1072 1303 1146 juxta
1323 1073 1477 1132 islandiam
1497 1076 1598 1152 piscari
1613 1076 1720 1146 solitos,
1744 1077 1773 1133 in
1793 1089 1897 1136 terrem

325 1183 344 1212 ‘⁴
365 1179 550 1248 descendisse,
574 1191 660 1255 etque
674 1179 714 1236 ite
727 1177 895 1235 Christienae
910 1174 1050 1250 religionis
1064 1173 1193 1232 utensilia
1205 1175 1356 1250 reliquisse.
1400 1178 1515 1235 Etenim
1531 1177 1638 1235 Irlendi
1650 1179 1787 1251 jamtum
1802 1178 1899 1236 Chris·

324 1284 344 1314 ‘⁶
365 1280 497 1340 tienismo
522 1283 622 1339 imbuti
641 1280 750 1339 erent.'’
777 1282 819 1351 (ll
868 1279 949 1336 Idem
975 1277 1071 1346 tradit,
1097 1278 1278 1353 Ernulphum
1298 1278 1517 1349 Hibernensem,
1547 1280 1626 1336 circe
1655 1280 1780 1336 medium
1801 1281 1897 1338 saeculi

322 1388 401 1454 noni,
427 1405 494 1445 cum
512 1387 561 1462 pie
581 1384 742 1443 concivium
762 1401 879 1440 suorum
901 1394 1005 1452 turma,
1035 1381 1071 1466 ad
1099 1381 1233 1438 ultimum
1257 1381 1332 1437 orbis
1358 1382 1493 1456 angulum
1510 1381 1604 1438 Talem
1621 1402 1651 1440 se
1675 1383 1835 1454 contulisse,
1867 1396 1900 1442 ut

320 1488 424 1548 Christi
439 1488 535 1558 fidem,
555 1489 698 1546 oliminidi
709 1508 728 1545 o
747 1490 803 1546 enit
820 1488 968 1564 gentilibus
986 1485 1155 1555 seminatam,
1177 1486 1270 1542 denuo
1290 1486 1485 1553 recusciteret,
1508 1485 1656 1561 sedemque
1677 1504 1787 1543 sacrem
1802 1485 1833 1543 S.
1842 1484 1896 1543 Co-

321 1593 415 1651 lrtmbae
427 1593 575 1663 excitasse,
590 1612 652 1668 quae
670 1612 759 1669 usque
773 1593 858 1649 hodie
874 1610 978 1649 nomen
992 1591 1168 1649 retinet-‘⁴
1183 1589 1287 1662 Helge,
1305 1589 1407 1665 inquit,
1429 1600 1616 1664 cognomento
1629 1589 1722 1658 Biola,
1737 1590 1896 1648 Beronibus

321 1699 341 1730 “
363 1695 535 1771 Norwegicis
558 1696 703 1764 oriundus,
731 1694 861 1751 Ethnicae
875 1693 1015 1769 Religioni
1032 1692 1062 1780 in
1088 1692 1210 1748 islandia
1223 1711 1323 1767 parum
1341 1692 1417 1760 levit,
1432 1691 1578 1749 lrlandum
1592 1709 1716 1765 namque
1738 1691 1893 1760 hominem,

322 1801 343 1831 ‘⁸
364 1796 556 1855 Christianum
569 1796 686 1854 exulem
701 1797 729 1853 in
745 1795 877 1853 viciniam
894 1796 1012 1871 recepit,
1026 1795 1205 1872 Ernulphum
1220 1796 1344 1863 nominc,
1366 1812 1432 1850 cum
1455 1793 1576 1863 familiis,
1600 1813 1654 1852 uec
1675 1792 1767 1849 solum
1781 1793 1898 1868 recepit,

322 1905 341 1934 “
363 1903 454 1959 sedet
473 1902 563 1959 aedem
588 1901 662 1957 Divo
682 1899 825 1957 Columbo
850 1917 960 1956 sacrem
974 1908 1108 1954 extruere
1120 1898 1251 1974 permisit
1272 1899 1302 1954 in
1326 1898 1391 1954 ville
1412 1898 1568 1972 Etsiuberg.
1624 1895 1759 1969 Ejusdem
1783 1915 1897 1971 quoque

322 2007 341 2036 “
364 2003 685 2076 Provinicae(lrlandiae)
694 2003 807 2077 juvenis
821 2001 948 2077 quidem,
964 1999 1024 2056 Beo
1038 1999 1141 2068 dictus,
1159 2000 1379 2057 sacratissimum
1400 1999 1471 2057 illud
1493 2000 1683 2057 humanarum
1707 2001 1900 2058 victimarum

322 2113 341 2142 ‘⁸
363 2109 470 2178 lenum,
491 2116 521 2165 et
542 2108 619 2164 Deos
634 2107 776 2165 universos
797 2104 931 2162 incendio
952 2102 1085 2161 delevit.”
1111 2104 1160 2176 (2)

362 2211 415 2268 His
436 2211 601 2287 Arngrymii
621 2208 781 2285 fragmentis
802 2208 906 2277 lavent,
932 2225 996 2280 qnae
1018 2205 1169 2263 traduntur
1194 2207 1227 2262 in¹
1247 2207 1316 2264 Vita
1336 2206 1416 2262 Allei
1436 2205 1623 2276 lmelneeneis,
1650 2209 1725 2284 apud
1745 2207 1899 2264 Usserium.

321 2317 342 2348 “
363 2314 393 2371 S.
404 2315 513 2372 Albeus
537 2313 741 2387 volensfugere
756 2311 894 2381 homines,
907 2312 943 2367 ed
965 2310 1091 2367 Insulam
1104 2310 1188 2377 Tale,
1202 2309 1238 2364 in
1248 2309 1369 2366 Oceano
1389 2311 1522 2385 positam,
1537 2312 1668 2386 navigare
1692 2311 1828 2381 decrevit,
1849 2312 1898 2369 setl

320 2420 341 2449 ¹⁸
363 2424 435 2471 nutu
450 2404 519 2483 Dei,
538 2414 647 2489 Oengue
668 2412 733 2469 Rex
756 2410 846 2468 Cassil
866 2411 922 2467 hoc
935 2410 1091 2484 prohibuit.
1107 2411 1153 2482 (3)
1185 2411 1268 2468 Tunc
1282 2410 1311 2466 S.
1323 2410 1431 2467 Alheus
1445 2411 1541 2485 viginti
1557 2413 1629 2470 duos
1646 2412 1719 2468 viros
1733 2413 1762 2468 in
1780 2412 1899 2470 exilium

320 2521 340 2551 “
361 2534 446 2592 supra
459 2535 536 2573 mere
554 2514 657 2572 misit.’'
690 2513 768 2569 leco
781 2513 852 2582 xxii,
871 2513 1081 2571 substituendos
1099 2532 1158 2571 esse
1172 2506 1252 2583 xxii,
1276 2513 1386 2570 notavit
1409 2532 1447 2570 ex
1468 2512 1525 2569 alio
1546 2512 1655 2571 Codice
1678 2511 1831 2587 Colgenus,
1853 2515 1899 2586 (4)

318 2638 411 2697 neque
425 2620 535 2677 videtur
557 2619 617 2675 haec
632 2617 814 2675 Missionerie
831 2617 943 2687 cohors,
957 2618 1014 2676 elia
1026 2637 1085 2675 esse
1103 2621 1140 2675 eb
1155 2618 1204 2675 ille
1221 2619 1290 2675 xxiv
1299 2618 1504 2694 discipulorum
1526 2617 1555 2677 S.
1566 2618 1661 2688 Albai,
1676 2636 1761 2694 quern
1771 2617 1898 2675 SrBren-

315 2721 416 2790 denus,
439 2735 568 2797 tempore
589 2739 648 2778 suae
671 2719 835 2792 septennalis
857 2739 908 2795 per
926 2720 1081 2778 Oceanum
1098 2720 1292 2795 navigationis,
1320 2721 1349 2777 iu
1373 2721 1497 2797 quadarn
1522 2720 1632 2779 Oceani
1660 2721 1757 2778 lnsule
1783 2721 1897 2796 reperit,

317 2822 406 2880 vitam
427 2821 582 2879 ducentem
595 2821 681 2896 plane
695 2817 875 2894 Angelicam,
897 2820 944 2875 uti<
967 2831 1079 2880 constat
1095 2842 1132 2880 ex
1156 2834 1233 2893 octo,
1255 2823 1300 2880 vel
1324 2843 1437 2893 novem,
1453 2824 1739 2883 diversis-codicibus
1752 2825 1828 2882 Vitae
1841 2825 1899 2881 Ve-

317 2936 398 2986 tustae
420 2926 449 2982 S.
459 2924 602 2981 Brendeni
615 2921 850 2990 Cluenlertensis,
863 2922 1005 2999 Findlogae
1018 2924 1080 2995 filii,
1102 2943 1173 3001 quos
1185 2943 1271 3001 penes
1285 2944 1317 2982 se
1328 2925 1430 2982 habuit
1444 2926 1600 3002 Colganus,
1615 2929 1660 3000 (5)
1685 2939 1715 2985 et
1732 2947 1770 2985 ex
1783 2927 1896 2984 decimo

314 3030 345 3088 in
355 3029 536 3087 Bibliotheca
548 3026 729 3095 Cottoniana,
740 3020 783 3097 (ὁ)
795 3024 825 3081 in
843 3026 1106 3102 quorumsingulis,
1130 3027 1229 3085 endem
1250 3036 1361 3086 vetusta
1375 3029 1500 3086 narratio
1521 3039 1714 3099 conservatur.
1749 3030 1815 3088 Jam
1830 3049 1896 3087 vero

311 3134 481 3193 Breudanus
509 3131 572 3200 iste,
598 3130 715 3189 condito
735 3129 914 3187 Mounsterio
940 3130 1165 3201 Cluensertense,
1191 3150 1255 3190 aerae
1276 3131 1434 3189 communis
1453 3151 1529 3189 anno
1549 3128 1619 3203 564,
1646 3135 1693 3205 (7)
1728 3132 1799 3190 obiit
1822 3149 1898 3189 anno

316 3236 443 3310 ejusdem
458 3252 522 3291 aerae
539 3238 607 3299 577.
621 3233 824 3308 (8)—Haec
845 3233 942 3291 omnia
961 3233 1046 3292 simul
1065 3252 1214 3310 perpense,
1233 3232 1356 3304 nullum,
1379 3237 1415 3292 de
1435 3236 1628 3294 Hibernorum
1649 3236 1765 3294 vetustis
1785 3235 1899 3311 navige-

318 3336 451 3406 tionibus,
465 3335 626 3410 ambigendi
641 3335 738 3392 locum
752 3334 927 3412 relinquunt.
964 3335 1052 3404 Quod
1066 3338 1091 3394 si
1104 3338 1306 3414 relinquerent,
1328 3355 1413 3395 omne
1428 3348 1525 3396 tamen
1538 3338 1658 3396 dubium
1672 3337 1786 3396 tolleret
1797 3334 1897 3408 Jonas,

316 3440 346 3497 S.
357 3438 528 3497 Columbeni
550 3439 675 3515 aequalis,
698 3439 758 3513 qui,
773 3439 808 3495 de
829 3439 1002 3498 Columbani
1023 3440 1115 3499 reditu
1135 3441 1164 3499 in
1184 3442 1311 3499 Patriam
1329 3459 1425 3517 agens,
1444 3440 1551 3516 inquit,
1561 3459 1637 3511 eum,
1655 3458 1722 3498 cum
1735 3439 1897 3509 comitibus,

314 3546 334 3576 ‘⁸
356 3551 386 3600 et
407 3543 486 3601 omni
499 3542 681 3619 supellectili,
704 3560 805 3620 nempe
827 3554 942 3602 centum
960 3545 1061 3602 modiis
1080 3544 1146 3615 viui,
1168 3544 1352 3622 ducentisque
1379 3544 1523 3614 frumenti,
1549 3544 1650 3602 sedet
1672 3544 1763 3602 brucis
1780 3553 1895 3601 centum

312 3648 334 3680 “
355 3646 467 3716 modiis,
485 3665 520 3702 ac
533 3646 693 3721 promiscue
713 3647 776 3704 eliis
799 3657 917 3705 centum
938 3649 1050 3719 modiis,
1071 3667 1181 3718 navem,
1195 3649 1379 3725 quaeliuihus
1402 3648 1558 3719 Hibernia,
1579 3667 1596 3704 e
1616 3647 1791 3706 Nennetensi
1813 3649 1900 3720 urbe,

315 3747 501 3804 “Scotorum
526 3750 686 3806 commercio
713 3750 826 3820 vehens,
849 3751 995 3808 redditura
1015 3761 1086 3822 erat,
1109 3752 1301 3810 conscendere
1319 3751 1461 3826 jussum.”
1486 3753 1534 3823 (9)
1589 3751 1662 3807 Haec
1687 3748 1771 3807 verbe
1795 3766 1900 3806 navem

330 4043 365 4093 ll)
383 4039 522 4087 Lmtdnono
535 4040 584 4094 bole,
601 4055 661 4102 opus
673 4039 818 4087 lslendicunr
829 4044 886 4090 anni
898 4047 969 4098 1064,
990 4043 1050 4092 edit.
1062 4044 1174 4101 Haemo,
1194 4048 1269 4101 1⁷⁷4,
1286 4051 1311 4091 et
1322 4045 1467 4108 Amgrynne
1475 4044 1546 4091 Jonas
1557 4042 1581 4088 in
1596 4040 1704 4090 Historia
1714 4039 1826 4088 Islendin
1838 4055 1860 4087 c.
1869 4042 1894 4095 ἱ,

330 4117 516 4175 Amstelodnnl,
527 4123 600 4168 1643.
629 4119 720 4168 Confer
728 4117 836 4180 ejusdem
845 4121 903 4169 lter.
912 4122 1052 4172 lelondienr.
1063 4126 1133 4172 teres
1141 4134 1197 4180 tres,
1209 4123 1312 4171 Haunie
1324 4125 1395 4170 15³0.
1429 4121 1568 4183 Discipulus
1579 4126 1631 4167 erat
1641 4119 1661 4167 is
1671 4118 1808 4168 Antronouu
1819 4119 1900 4186 Tycha,

330 4199 419 4248 Brebe.
454 4199 491 4246 Sir
501 4199 585 4261 loseph
597 4198 695 4246 Benke's
706 4197 800 4246 Letters
810 4213 842 4245 on
853 4199 963 4248 Icelend.
1838 4231 1841 4237 .

328 4279 373 4341 (ε)
392 4280 530 4328 mumma
542 4280 626 4326 enee
637 4278 766 4327 neam
777 4278 1025 4343 recumnynsepn
1036 4279 1295 4335 Benenatenubttn,
1307 4280 1445 4342 naum.
1458 4279 1499 4336 ⁵9,
1510 4281 1552 4328 eo.
1782 4265 1785 4270 ’

330 4354 365 4412 (ὃ)
382 4358 436 4407 Rex
448 4360 486 4408 hic
497 4359 628 4407 Momoniae
638 4367 782 4408 memoretur
793 4360 817 4408 in
827 4360 863 4407 his
873 4358 1014 4415 Annalibus,
1026 4360 1058 4408 nd
1069 4376 1125 4408 nnn.
1136 4365 1194 4417 489,
1207 4376 1262 4424 pag.
1274 4363 1299 4407 8.

332 4444 366 4492 (4)
383 4440 413 4487 In
422 4437 556 4503 Actispeg.
569 4443 626 4487 241.
755 4435 789 4488 (5)
807 4440 871 4488 Ibid.
884 4454 939 4503 pag.
951 4441 1008 4495 242,
1018 4448 1068 4487 not.
1081 4444 1106 4488 6.

330 4517 364 4567 (6)
382 4519 446 4566 Vide
457 4520 631 4569 Bibliothecenr
642 4526 747 4568 nostrum
757 4518 893 4569 Hibernieo.
910 4520 1000 4568 Cotton.
1011 4518 1120 4567 'liberius
1131 4518 1160 4568 E.
1174 4524 1197 4567 t.
1215 4516 1269 4567 MS.
1282 4518 1307 4566 in
1316 4518 1437 4568 stonense.

331 4597 365 4646 tt)
383 4599 470 4646 Annei.
485 4598 564 4647 [iiten.
576 4615 647 4661 supra
656 4615 711 4663 pag.
722 4603 764 4648 24.
892 4597 927 4662 (Β)
946 4599 1032 4647 Annei.
1046 4598 1124 4647 Ulton.
1135 4615 1160 4663 p.
1172 4602 1213 4648 ΞΒ.

330 4679 365 4728 19)
381 4676 453 4726 lonae
464 4678 489 4727 iu
498 4677 557 4728 tots
566 4677 690 4730 colunne
701 4695 723 4730 c.
735 4683 766 4731 21
778 4686 804 4730 et
814 4682 854 4737 tt,
864 4678 890 4729 in
901 4677 1063 4730 collectaneis
1070 4679 1147 4730 Sacris
1158 4694 1213 4746 pag.
1225 4680 1273 4731 235
1284 4686 1311 4729 et
1317 4681 1413 4736 met
1422 4676 1540 4743 apud-Du
1549 4675 1633 4738 cuge
1643 4674 1669 4725 in
1679 4672 1801 4726 Glosssrio
1823 4688 1885 4726 voce

330 4755 419 4804 Beate.
