4446 6000
655 572 1102 647 annornmouss
1143 574 1217 640 nn
1258 571 1531 639 sacrm.
1749 544 1850 660 177

276 760 405 840 Epistola
412 769 442 833 9,
452 769 482 821 et
492 759 522 820 in
538 761 751 841 Epigrammate
768 767 836 831 199,
851 760 894 819 uti
905 759 994 818 etiarn
1006 757 1193 817 Mabillonius
1206 757 1235 816 in
1251 759 1419 818 Praelatione
1432 760 1468 817 ad
1480 756 1623 816 Saeculunt
1633 755 1677 816 1v
1690 755 1852 817 benedicti·

273 885 355 937 num,
383 874 413 925 ct
433 866 578 926 Launmus
592 867 621 925 in
640 869 780 925 Tractatu
793 867 828 923 de
842 865 962 924 Scholis.
998 863 1062 942 lpse
1088 864 1230 922 Alcuinus
1253 863 1418 921 Hiberniam
1438 880 1494 920 non
1515 861 1601 918 semel
1615 861 1746 919 maximis
1758 860 1854 920 leudi·

279 974 329 1029 bus
340 973 527 1049 prosequitur.
568 973 615 1031 sic
630 974 666 1031 de
692 971 881 1042 Willibrordo,
900 971 947 1047 qui
968 970 1100 1039 Batavos,
1126 978 1156 1028 et
1180 969 1282 1026 frisios
1305 968 1341 1026 sd
1365 968 1448 1025 fidem
1471 966 1621 1036 convertit,
1647 966 1801 1042 iuquit-‘⁴
1816 966 1852 1028 In

274 1078 295 1108 “
317 1074 456 1133 Hibernia
467 1074 667 1134 Scholasticam
692 1076 869 1134 errtditionem
892 1074 1012 1152 riguisse
1033 1074 1152 1144 audivit,
1178 1075 1367 1151 quorumdam
1392 1072 1443 1130 SS.
1461 1070 1587 1130 virorum
1607 1070 1683 1129 sema
1709 1081 1852 1146 narrante,

274 1183 294 1213 ‘⁶
317 1199 438 1254 quorum
471 1182 686 1240 conversatione
706 1181 851 1252 incitatus,
885 1188 915 1238 et
939 1180 1082 1257 praecipue
1100 1179 1135 1237 B.
1153 1178 1188 1237 P.
1200 1179 1328 1256 Egberti,
1355 1197 1409 1237 nec
1434 1196 1491 1235 non
1520 1175 1652 1234 Wicberti
1674 1178 1852 1250 venerabilis,

273 1285 294 1316 “
315 1302 440 1357 quorum
463 1295 595 1362 uterque,
618 1287 656 1344 ob
673 1286 795 1344 caelestis
818 1273 921 1343 Patriae
943 1302 1080 1354 amorem,
1104 1282 1200 1341 Patris
1228 1282 1340 1352 relicte,
1366 1281 1531 1338 Hiberniam
1555 1280 1672 1339 secessit
1674 1322 1735 1338 ......
1739 1281 1854 1342 Horum

272 1386 293 1418 “
314 1387 349 1443 Β.
364 1388 539 1446 Adolescens
561 1388 690 1446 aemulari
705 1387 820 1465 cupiens
831 1386 1004 1463 religionem,
1019 1386 1199 1443 conniventia
1217 1385 1261 1442 sui
1280 1385 1411 1454 Abbatis,
1434 1384 1463 1441 in
1478 1383 1642 1440 Hiberniam
1662 1383 1753 1442 veloci
1767 1402 1854 1444 cursu

273 1492 293 1524 ‘⁴
314 1492 595 1570 contendit...lbique
605 1493 759 1552 duodecim
766 1510 864 1561 annos,
875 1491 948 1548 inter
958 1491 1067 1547 eaimios
1078 1490 1160 1548 mmet
1168 1472 1222 1565 pice
1235 1488 1400 1566 Religionis,
1413 1497 1441 1546 et
1452 1505 1538 1545 sacra
1550 1487 1674 1544 lectionis
1685 1485 1856 1567 Magistros,

274 1595 295 1626 “
317 1593 529 1653 erudiebatur.''
545 1596 617 1653 Haec
631 1596 729 1654 scribit
739 1596 768 1652 in
782 1595 855 1652 libro
868 1595 959 1670 primo
968 1595 1003 1650 de
1013 1595 1084 1652 Vita
1095 1593 1277 1662 Willibrordi,
1288 1593 1465 1669 prosaica-
1471 1591 1584 1649 Deinde
1599 1592 1628 1647 in
1644 1590 1717 1648 libro
1729 1592 1856 1650 meando

272 1695 375 1753 sudem
396 1698 508 1775 repetit,
519 1698 712 1758 metrice.—“
727 1699 880 1775 Doctsque
908 1697 1025 1755 nutrivit
1054 1698 1155 1755 studiis
1176 1699 1224 1754 sed
1253 1696 1392 1754 Hibernia
1414 1693 1598 1765 sacris,’'-et
1611 1711 1676 1770 cap.
1690 1700 1740 1765 33,

689 1803 709 1833 ‘¹
733 1800 774 1858 Ut
788 1801 896 1858 dudum
910 1801 1013 1870 cecini,
1028 1801 1160 1860 iaecunda
1175 1801 1325 1859 Britannia
1337 1809 1441 1871 mater,

688 1906 708 1936 ‘⁶
729 1902 832 1960 Patria
841 1901 1000 1963 Scottorum
1012 1905 1091 1962 clara
1103 1901 1350 1981 Magistrasuit.”

316 2001 429 2080 Itaque,
443 2012 476 2062 ut
492 2004 660 2065 Academia
673 2005 837 2064 Parisiensis
846 2006 935 2084 Origo
949 2010 1092 2068 adrerum
1109 2007 1216 2067 iontem
1232 2004 1381 2076 referatur,
1396 2024 1413 2063 s
1427 2003 1635 2064 recentioribus
1649 2004 1749 2064 oculos
1760 2003 1861 2082 paulu·

276 2108 335 2164 lum
349 2119 508 2168 avertamus
522 2121 646 2186 oportet,
662 2111 772 2187 etquid
791 2111 988 2188 antiquissimi,
1002 2124 1031 2171 et
1051 2112 1242 2190 probatissimi
1261 2109 1388 2169 dixerint
1411 2110 1645 2170 videamus-C.
1659 2110 1811 2179 liebertus,
1830 2108 1862 2170 iu

278 2210 374 2289 Opere
394 2213 443 2270 cui
464 2213 566 2271 titulus
587 2214 685 2271 Gallia
713 2214 812 2284 Sacra,
838 2216 1097 2291 antiquissimorum
1120 2213 1289 2273 testimoniis
1315 2214 1500 2283 demonstrat,
1530 2212 1676 2272 Claudiam
1700 2211 1863 2271 Clementem

278 2313 441 2384 Hilernum,
452 2316 616 2373 Academiae
638 2315 800 2373 Perisiensis
810 2316 995 2374 fundamenta
1002 2317 1108 2390 jecisse
1128 2317 1318 2386 seculonll,
1339 2336 1445 2374 annum
1459 2318 1574 2375 circiter
1590 2323 1661 2379 780.
1685 2320 1706 2351 ‘⁴
1724 2317 1863 2374 Hibernis

277 2421 298 2451 “
320 2417 423 2492 iuquit,
443 2417 510 2490 jure
523 2420 560 2474 ab
575 2417 701 2475 Alcuino
714 2417 797 2475 docta
810 2418 982 2495 appellatur,
998 2418 1098 2476 Ericus
1112 2419 1186 2476 enim
1200 2418 1446 2487 Antisiodorensis,
1470 2421 1505 2476 ad
1516 2419 1654 2477 Carolum
1663 2419 1783 2477 Calvum
1793 2420 1862 2478 scri·

278 2518 299 2554 “
322 2524 401 2592 bens,
420 2523 469 2592 ait,
497 2522 565 2598 quid
587 2520 753 2579 Hiberniam
769 2540 935 2591 memorem,
954 2531 1119 2599 contempto
1133 2523 1226 2599 Pelagi
1241 2522 1412 2592 discrimine,
1425 2541 1496 2600 pene
1508 2531 1609 2591 tamin,
1623 2541 1689 2581 cum
1703 2540 1784 2598 grege
1796 2521 1864 2580 Plri-

277 2621 299 2656 ⁴‘
321 2624 515 2702 losopborum,
534 2624 571 2682 ad
595 2633 692 2683 nostra
705 2622 792 2683 litore
804 2625 981 2701 migrantem,
996 2645 1116 2703 quorum
1132 2628 1250 2704 quisque
1263 2627 1381 2705 peritior
1393 2636 1447 2697 est,
1466 2627 1542 2684 ultro
1557 2624 1608 2684 sibi
1623 2625 1723 2683 indicit
1732 2624 1861 2696 exilium,

277 2731 299 2762 ‘⁴
321 2739 353 2782 ut
363 2727 508 2784 Salomoni
518 2725 724 2800 sapientissimo
735 2725 864 2800 [Carolo]
877 2727 1032 2786 famuletur
1041 2731 1078 2787 ad
1089 2741 1186 2788 votum
1198 2730 1227 2788 .>”
1260 2731 1383 2798 Deinde,
1397 2728 1584 2805 antiquissimi
1599 2726 1722 2784 Notlreri
1733 2727 1860 2786 testimo·

279 2829 358 2886 oium
371 2830 462 2897 affert,
486 2828 522 2883 de
536 2827 708 2895 Parisiensis,
727 2839 756 2883 et
768 2828 924 2885 Ticiaensis
942 2829 1163 2889 Academiarum
1177 2831 1293 2907 origine,
1316 2851 1353 2888 cx
1371 2832 1470 2909 Opere
1485 2831 1532 2888 Dc
1546 2829 1614 2887 Vita
1634 2827 1732 2887 Caroli
1745 2827 1859 2906 Magni,

277 2928 414 3009 inscripto
438 2932 474 2989 ad
493 2931 628 2988 Carolum
641 2930 772 2989 Crassum
784 2950 861 2989 anno
873 2938 943 2993 884.
956 2935 999 3006 (1)

299 3034 423 3092 Notlcri
435 3037 530 3103 rerba,
544 3042 628 3111 prout
639 3053 657 3093 a
669 3034 719 3094 Du
733 3033 859 3106 Cbesnio,
868 3044 896 3093 et
912 3036 1026 3096 Uenerio
1040 3037 1128 3108 edita,
1142 3037 1203 3096 haec
1216 3040 1343 3095 sunt—“
1357 3036 1478 3096 Carolus
1489 3053 1556 3094 cum
1570 3033 1601 3092 in
1611 3033 1750 3092 Occiduis
1762 3030 1860 3092 mundi

279 3142 299 3174 “
321 3140 449 3215 partibus
462 3139 538 3197 solus
552 3157 668 3216 regnare
688 3141 826 3216 caepisset,
853 3149 883 3197 et
908 3140 1003 3199 studia
1024 3142 1170 3200 literarum
1185 3141 1292 3217 ubique
1314 3140 1536 3218 prope-modum
1547 3147 1641 3196 essent
1655 3138 1685 3195 in
1705 3137 1860 3210 oblivione,

279 3238 299 3276 ‘⁶
320 3242 440 3318 contigit
452 3240 520 3299 daos
540 3239 637 3300 Scotos
660 3243 694 3299 de
705 3241 853 3314 Hibernia,
877 3263 943 3302 cum
967 3245 1170 3304 mercatoribus
1185 3245 1340 3315 Britannis,
1360 3244 1397 3301 ad
1415 3241 1482 3300 litus
1496 3242 1602 3300 Gallice
1614 3240 1764 3309 devenire,
1778 3241 1862 3308 viros,

280 3342 300 3375 “
321 3355 351 3402 et
364 3345 393 3402 iu
406 3345 599 3413 sacularibus,
614 3357 643 3402 et
653 3346 683 3404 in
697 3346 790 3405 Sacris
804 3346 958 3426 Scripturis
970 3347 1233 3427 incomparabiliter
1241 3349 1377 3407 eruditos.
1408 3345 1523 3415 Quibus
1531 3345 1581 3403 ille
1589 3344 1742 3421 perceptis,
1752 3342 1860 3419 ingenti

279 3453 300 3482 ⁴‘
319 3449 422 3524 gaudio
436 3450 571 3528 repletus,
596 3451 719 3526 primum
734 3449 850 3526 quidem
865 3450 940 3527 apud
955 3461 1152 3529 neutrumque
1166 3471 1254 3530 parvo
1272 3462 1399 3530 tempore
1426 3451 1526 3509 tenuit.
1568 3451 1672 3508 Postea
1693 3464 1770 3516 uero,
1791 3463 1859 3504 cum

279 3557 298 3589 “
319 3554 356 3610 nd
369 3554 561 3631 expeditiones
575 3555 700 3613 Bellicus
713 3565 876 3630 urgeretur,
901 3574 990 3614 unum
1003 3576 1103 3616 eorum
1115 3557 1231 3616 nomine
1243 3553 1406 3614 Clementem
1419 3555 1448 3613 in
1463 3554 1561 3613 Gallia
1580 3552 1704 3620 ‚madere
1717 3549 1862 3628 praecepit,

278 3662 298 3695 ⁴⁴
321 3658 367 3714 cui
377 3670 406 3715 et
420 3679 523 3734 pueros
537 3659 736 3726 nobilissimos,
755 3658 920 3727 mediocres,
934 3667 964 3715 et
977 3659 1088 3717 infimos
1101 3661 1168 3717 satis
1184 3659 1288 3717 multos
1303 3659 1523 3726 commendavit,
1536 3667 1567 3714 et
1579 3657 1618 3713 eis
1633 3665 1718 3732 prout
1733 3669 1862 3710 necessa·

278 3761 300 3792 ‘⁴
321 3761 394 3816 rium
411 3761 580 3829 habuerant,
605 3760 743 3818 victualis
756 3761 907 3820 ministrari
926 3764 1071 3839 praecepit,
1091 3763 1260 3821 habitaculis
1280 3762 1445 3839 opportunis
1459 3761 1495 3818 ad
1510 3759 1695 3816 habitandum
1710 3754 1861 3831 deputatis.
1902 3771 1906 3784 ·

281 3864 300 3894 “
321 3862 454 3922 Alterum
469 3882 535 3920 vero
558 3864 698 3932 Albinum,
723 3863 754 3921 in
771 3864 886 3921 ltaliam
902 3863 1018 3934 direxit,
1033 3867 1079 3922 cui
1098 3875 1127 3924 et
1143 3866 1352 3924 lllonasterium
1366 3865 1395 3922 S.
1410 3861 1559 3940 Augustini
1579 3861 1667 3935 juxta
1682 3859 1862 3937 'lirinensem

278 3968 300 3999 ‘⁴
322 3965 430 4022 Urbem
443 3965 592 4041 delegavit.
615 3975 649 4022 ut
661 3965 731 4023 illuc
742 3965 779 4022 sd
793 3984 870 4038 eum,
886 3966 935 4043 qui
953 3968 1119 4038 voluissent,
1135 3969 1351 4027 addiscendum
1366 3966 1526 4043 congregari
1540 3964 1706 4040 potuissent.
1747 3958 1859 4017 Audite

281 4071 301 4102 “
323 4077 419 4127 autom
439 4068 560 4126 Albinus
583 4065 741 4143 [Aletrinate]
764 4069 801 4126 de
823 4069 937 4128 ustione
955 4072 1124 4147 Auglorum,
1146 4091 1232 4149 quem
1245 4081 1389 4147 gratanter
1416 4067 1556 4145 sapientes
1570 4066 1666 4134 Viros,
1690 4060 1861 4140 religiosissi-

282 4175 302 4205 “
324 4191 386 4229 mus
414 4173 524 4248 Regum
536 4170 657 4229 Carolus
678 4169 843 4247 susciperet,
865 4189 1019 4243 conscensa
1031 4192 1103 4243 nave
1117 4174 1195 4243 veni-t
1208 4174 1245 4237 sd
1255 4172 1356 4239 cum!
1368 4173 1414 4242 (2)

322 4278 530 4352 Argumentum
548 4276 603 4332 hoc
621 4273 745 4352 plurima
759 4273 918 4332 eruditione
930 4275 1115 4352 pertractavit
1126 4295 1201 4333 sano
1212 4280 1298 4344 1704,
1319 4273 1362 4331 vir
1374 4271 1501 4331 eruditus
1525 4271 1667 4332 Antonius
1690 4273 1806 4343 Gattus,
1831 4271 1862 4330 in

282 4378 431 4439 Ticinense
444 4380 548 4458 Lycao
561 4380 692 4458 publicus
701 4378 774 4454 juris
786 4379 934 4456 interpres,
947 4378 1025 4437 edito
1038 4378 1111 4436 libro
1125 4379 1171 4438 cui
1185 4377 1284 4437 titulus
1297 4376 1459 4435 “Historia
1472 4375 1616 4454 Gprnnasii
1629 4364 1808 4451 Ticbsensisss}
1823 4390 1861 4431 ex

301 4677 345 4739 (1)
364 4680 418 4727 lter.
428 4682 567 4732 francicar.
579 4683 709 4748 Scriptores
720 4684 779 4733 editi
790 4686 820 4733 eb
831 4685 925 4734 Audres
935 4685 975 4734 Du
984 4685 1079 4735 eterne.

299 4761 341 4822 (Ξ)
361 4759 434 4807 Usser.
446 4762 554 4826 Sylloge,
566 4763 663 4813 Praist.
701 4774 718 4797 ‘¹
728 4766 764 4813 Es
776 4766 893 4814 Hibernis
911 4767 1033 4815 audacter
1043 4766 1116 4815 tuisse
1137 4763 1255 4817 Doctores
1265 4764 1332 4827 istos,
1352 4763 1485 4813 luculenter
1497 4761 1619 4812 emanet
1629 4760 1671 4824 qui
1682 4758 1765 4809 vitan
1776 4758 1860 4810 Ceroli

301 4838 394 4900 Magni,
406 4841 538 4890 tocirciter
550 4853 603 4905 post
615 4854 714 4893 mortem
724 4846 797 4907 ipsius
804 4847 872 4897 suuis
882 4846 984 4911 scripsit,
994 4846 1117 4896 Notlerus
1126 4847 1244 4900 lebulus
1254 4843 1440 4912 Ssogslleusis.”

1022 4935 1071 4985 As
