4446 6000
332 509 402 619 70
529 633 531 636 Α
777 540 1037 606 annonas
1066 528 1466 610 neronianam.

329 721 398 798 fla.
425 716 502 797 ωτι
518 728 554 799 tt.
608 718 841 797 Duucirouno
871 724 992 798 Dnire
1016 725 1222 820 [Dunchan
1239 726 1443 817 Derrensis‚
1475 752 1539 803 seu
1557 731 1773 807 monasterii
1791 733 1916 823 Quor.

330 845 472 949 cuum]
493 860 529 918 ct
547 844 693 919 Oiaaenc
708 847 805 920 iilius
824 845 999 938 Golluiat,
1031 849 1158 923 Abbas
1177 851 1321 925 Cluana
1337 876 1415 924 mac
1432 852 1516 941 uois,
1549 869 1717 950 pausant.
1771 861 1916 938 Bruide

327 991 406 1039 rnoc
424 968 547 1042 Dcrr'li
564 972 728 1044 moritur.
785 971 971 1046 Concobar
990 997 1067 1045 moe
1085 974 1306 1066 Moeledoin‚
1327 975 1408 1048 Rex
1425 976 1571 1074 generis
1589 978 1741 1079 Coirpre
1757 982 1912 1084 jugula·

327 1101 398 1162 tur.
451 1092 600 1166 Caelina
619 1118 696 1167 onoc
709 1093 954 1190 Seocinusoig
974 1094 1115 1192 sapiens
1133 1094 1237 1169 obiit.

326 1219 394 1294 au.
422 1215 498 1294 nu
516 1219 562 1293 aa
618 1219 750 1292 Ciuedo
781 1242 846 1291 rex
876 1219 1013 1292 Fobior
1043 1219 1146 1293 obiit.
1203 1219 1356 1293 Occisio
1387 1224 1628 1323 Indrecirtoig
1659 1251 1715 1302 mo
1747 1216 1911 1310 Dracon

323 1346 512 1421 Muimace
539 1341 764 1439 [Maritima]
814 1342 953 1438 Fergol
981 1367 1058 1415 moc
1090 1343 1311 1432 Moeleduin'‚
1340 1359 1378 1418 et
1396 1347 1534 1444 Fergol
1561 1375 1639 1424 rnoc
1655 1351 1843 1452 Loingaig,
1872 1367 1912 1433 et

325 1469 455 1544 Conull
479 1469 597 1545 Meron
630 1488 695 1538 rex
723 1464 848 1563 gentis
881 1465 1028 1563 Coirpri
1055 1465 1276 1538 occiderunt
1305 1490 1401 1540 eum.
1456 1471 1552 1545 Becc
1570 1497 1685 1570 nepos
1705 1474 1910 1553 Dunctaoo

317 1595 527 1694 jugulatur.
598 1591 796 1665 Coidbeunc
839 1587 1044 1685 Episcopus
1077 1588 1289 1661 Ardarotiru
1324 1592 1477 1686 quievit.
1568 1595 1657 1668 Duo
1690 1612 1916 1677 terremotus

324 1719 535 1817 septimana
566 1715 605 1787 in
635 1713 773 1802 eadem,
806 1710 844 1782 in
876 1697 1000 1784 mense
1018 1710 1245 1800 Decembris,
1280 1713 1318 1785 in
1347 1716 1553 1810 aquilonari
1580 1732 1682 1818 parte
1718 1722 1908 1802 Hibemie.

324 1844 477 1918 Boccoll
507 1841 634 1914 Beicce
654 1839 796 1926 Bimae,
814 1835 872 1930 (l)
901 1833 1090 1929 [baculum
1113 1837 1363 1933 poenitentiale
1382 1839 1506 1915 Beicci
1521 1843 1655 1919 Biorce
1684 1860 1911 1922 memoratur

322 1967 395 2042 hoo
429 1965 556 2057 anno]
608 1965 712 2036 Mors
747 1960 909 2036 Colmuin
939 1959 1050 2031 ovito
1079 1959 1341 2055 [minautoro.
1395 1963 1532 2062 Slogod
1559 1968 1776 2064 [exercitus]
1810 1970 1905 2046 Con·

321 2283 466 2349 metricus,
480 2277 634 2336 Hibernico
651 2276 782 2352 scriptus,
806 2271 1125 2330 concinnationum
1152 2276 1397 2342 membranaceus,
1413 2275 1588 2353 Loingaecho
1603 2279 1673 2356 Regi
1693 2281 1795 2341 tribuit
1813 2301 1904 2345 annor

318 2379 359 2448 ix,
382 2390 411 2435 at
433 2371 720 2450 recte-Tigernoclr
733 2370 825 2447 inquit
844 2375 871 2422 .“
881 2367 1042 2424 Occubuisse
1062 2367 1088 2422 iv
1102 2367 1148 2425 Id.
1167 2367 1250 2435 Jnlii,
1279 2368 1347 2426 horo
1366 2372 1391 2427 vi
1412 2372 1467 2428 diei
1489 2372 1615 2444 Soiooti,
1637 2376 1734 2446 ielioss’
1763 2378 1812 2455 qui
1833 2379 1904 2438 cha.

235 2504 237 2507 ·
320 2485 453 2544 meteres,
467 2493 504 2530 ex
519 2471 647 2538 calculis,
668 2471 848 2529 annum704
870 2464 1018 2522 manifeste
1033 2463 1187 2539 designant.
1230 2464 1272 2521 lv
1286 2465 1426 2542 Magistri
1450 2470 1560 2527 obitum
1584 2471 1750 2547 loingaechi
1764 2475 1793 2532 in
1807 2475 1906 2552 proeiio

319 2569 470 2628 Cornnuui
497 2569 632 2634 reserum,
648 2566 675 2622 iu
691 2571 777 2630 textu,
791 2563 826 2619 ad
840 2581 906 2619 ann.
919 2565 989 2628 701,
1015 2571 1045 2620 at
1056 2560 1084 2615 ia
1098 2559 1222 2636 margine
1235 2561 1270 2618 ad
1285 2581 1350 2620 ann.
1364 2567 1434 2632 704,
1458 2567 1559 2622 vetusti
1581 2567 1678 2625 Poetae
1691 2569 1834 2628 distichon
1850 2571 1906 2628 Hi-

321 2668 467 2737 beruicum
483 2664 718 2720 adducentes-‘⁴
734 2659 819 2716 nmoii
830 2659 927 2714 clerone
938 2655 1039 2713 Celoch
1060 2655 1111 2712 iaia
1126 2655 1226 2713 rnnn.”
1266 2658 1329 2733 [Uri
1346 2659 1683 2729 testaturPoeteCciieclr
1696 2664 1725 2722 in
1739 2665 1795 2725 boc
1810 2664 1910 2724 Duri:

317 2760 398 2836 cho]
441 2759 565 2826 Deinde,
577 2758 698 2814 disticho
711 2757 766 2814 isto
779 2755 878 2823 citato,
890 2753 973 2809 Viros
986 2752 1137 2810 Primarios
1148 2753 1176 2811 in
1191 2754 1293 2811 Praeiio
1308 2754 1469 2813 Coranense
1482 2756 1591 2815 occisos
1604 2772 1783 2829 enumerant,
1806 2771 1835 2818 et
1859 2760 1905 2819 ai-

319 2858 406 2914 terius
415 2855 528 2914 Vetusti
544 2856 641 2912 Poetae
652 2867 774 2930 quatuor
786 2850 907 2907 disticha
918 2849 1103 2917 adducentes,
1117 2849 1310 2926 inquiunt-‘⁸
1320 2847 1418 2906 Coun
1431 2850 1534 2908 Menan
1548 2871 1608 2910 aroc
1618 2851 1734 2912 Coirore
1748 2875 1780 2912 ro
1791 2856 1854 2913 reid
1866 2874 1905 2923 aa

318 2958 338 2986 ‘¹
353 2953 466 3021 minuti,
488 2970 558 3027 ogni
570 2951 603 3006 oo
614 2947 864 3024 irioidenfocionn
877 2965 914 3004 oa
927 2944 1046 3003 Cotio.''
1070 2939 1185 3023 [Couaii
1195 2945 1307 3021 gracilis
1328 2945 1402 3003 finus
1419 2945 1536 3004 Carboei
1548 2948 1656 3007 cecinit
1668 2949 1736 3008 iatoe
1750 2970 1855 3022 vomas,
1869 2962 1900 3010 et

317 3049 404 3107 isfuit
417 3049 564 3126 precipue
579 3048 607 3105 in
621 3063 708 3104 causa
720 3041 834 3122 proelii]

360 3147 405 3203 De
429 3144 588 3220 Loingrecii
601 3159 764 3200 successore
784 3137 936 3214 congiario
948 3144 1029 3193 extat
1049 3135 1105 3191 hoc
1126 3135 1267 3192 distichon
1288 3135 1391 3195 incerti
1414 3137 1463 3194 aad
1478 3136 1589 3197 Vetuati
1602 3139 1738 3212 auctario,
1752 3139 1904 3201 mendice

319 3241 474 3300 Hibernico
486 3244 638 3303 Stoa-ense,
649 3248 678 3292 et
692 3238 720 3292 in
734 3237 753 3292 F
755 3234 894 3300 iahcrteo,
905 3251 968 3307 pag.
980 3237 1049 3289 432.

562 3340 582 3365 ‘⁶
597 3329 724 3406 Congioi
732 3326 934 3403 Cennmogioir
944 3326 1030 3383 moiti
1045 3324 1263 3402 ri-Biingiruiu
1274 3326 1310 3383 do
1322 3325 1506 3406 iiiogioiaso
1519 3329 1569 3389 ut.

559 3432 579 3462 ⁴⁴
595 3425 715 3482 Deirinu
727 3443 784 3499 gon
795 3422 917 3498 ciogodlr
926 3441 984 3498 gon
1001 3420 1166 3479 cnara-Fa
1181 3422 1323 3499 riguum
1337 3422 1649 3500 seoctuungtmo?

558 3527 577 3554 ‘¹
592 3520 711 3596 [Congai
722 3521 898 3593 Cenumagnr
913 3521 1002 3574 bonus
1018 3519 1210 3584 Rex,-ann0
1220 3530 1249 3575 et
1261 3520 1400 3578 bistribus
1414 3520 1505 3589 aunis,

558 3621 578 3650 “
597 3616 640 3673 Ad
652 3617 734 3671 tinem
747 3633 834 3689 usquo
845 3613 902 3669 sine
916 3614 1000 3683 bello,
1014 3613 1332 3690 simpiterno-Regno
1341 3616 1435 3672 fausto
1446 3627 1556 3692 septem
1569 3611 1753 3690 annorum?

321 3721 367 3792 (1)
383 3717 425 3775 lv
434 3713 573 3792 Magistri
582 3714 618 3770 ud
632 3716 774 3778 annnoi,
785 3728 847 3766 aerae
861 3729 935 3766 com.
946 3715 1015 3778 708,
1031 3706 1296 3785 inquiunt-“Brea
1307 3709 1423 3766 Boirche
1436 3711 1463 3766 ri
1478 3710 1526 3768 Ut.
1541 3710 1576 3768 do
1583 3711 1697 3789 gabinii
1702 3709 1900 3788 iociiomgar

318 3822 337 3849 ‘⁴
353 3834 416 3873 occo
437 3813 464 3870 in
479 3831 496 3868 a
511 3810 620 3868 oilitirc
637 3808 648 3864 i
658 3806 791 3884 joircenn
804 3807 840 3862 do
853 3805 990 3862 hliudhoio
1003 3805 1067 3862 decc
1081 3805 1125 3861 ior
1135 3804 1283 3881 rin.’'-[“
1308 3806 1383 3862 Becc
1408 3807 1532 3863 Bnirciie
1545 3807 1657 3884 accepit
1669 3807 1800 3865 baculum
1815 3808 1899 3864 Pere-

312 3912 393 3988 grini,
408 3922 437 3967 et
454 3909 525 3966 obiit
546 3908 573 3964 in
590 3904 814 3983 peregrinatione
838 3904 952 3960 ineunte
973 3921 1050 3960 anno
1078 3902 1118 3959 xii
1144 3899 1533 3977 postult-Theodorus
1547 3901 1770 3970 Cantuariensis,
1784 3903 1902 3960 natione

317 4009 444 4072 Grecos,
459 4007 494 4062 ‹ie
508 4023 565 4080 quo
578 4022 663 4078 supra
675 4001 711 4056 ad
726 4018 792 4056 aun.
806 3994 876 4067 690,
889 4003 997 4074 primus
1013 3999 1040 4054 in
1059 3997 1210 4054 occidente
1221 4014 1329 4052 morem
1344 3995 1471 4051 intulisse
1486 3996 1576 4056 fertur
1588 3997 1624 4054 de
1636 3998 1762 4074 peccatis
1776 3997 1898 4063 accain.

317 4103 430 4158 occulte
444 4115 553 4157 tantum
565 4096 728 4176 poenitendi.
769 4096 806 4151 V.
819 4093 953 4152 Theodori
967 4093 1168 4158 Paenitentiam,
1180 4093 1223 4150 tit.
1238 4099 1268 4161 3,
1279 4110 1306 4149 c.
1318 4098 1368 4160 24,
1381 4091 1450 4150 edit.
1466 4092 1609 4149 Parisiiea
1625 4093 1709 4162 Petit,
1723 4089 1806 4156 1677.
1842 4093 1898 4149 Pro

317 4195 441 4273 pcccatis
454 4195 578 4267 publicis,
594 4211 657 4269 poet
669 4193 811 4249 Theodori
825 4206 960 4269 tempora,
987 4192 1126 4267 iraequens
1138 4189 1191 4246 suit
1206 4187 1459 4265 peregrinationem
1474 4187 1501 4243 in
1524 4188 1719 4263 poeniteutiam
1737 4187 1897 4262 imponere,

316 4290 384 4348 ibid.
398 4287 527 4345 Vetium
552 4287 631 4342 Beda
645 4288 850 4357 Paenitentiule,
865 4308 891 4346 c.
907 4293 936 4357 7,
952 4301 980 4345 et
995 4294 1022 4345 8.
1034 4294 1053 4320 “
1070 4287 1150 4343 Exul.
1166 4286 1201 4342 vii
1218 4284 1297 4341 nunu
1305 4281 1569 4359 punitcot.”--·“
1586 4283 1741 4358 Episcopus
1763 4298 1822 4337 xxv
1845 4298 1897 4336 an·

316 4393 336 4422 ⁴⁸
351 4406 401 4444 nos
416 4383 560 4461 paeniteat,
588 4384 712 4455 quinque
726 4402 764 4438 ex
788 4383 831 4438 his
855 4384 883 4438 iu
906 4403 980 4459 pane
1001 4396 1029 4439 et
1050 4401 1134 4458 aqua,
1149 4395 1178 4438 et
1196 4382 1273 4437 omni
1292 4381 1385 4435 officio
1411 4379 1583 4454 deponatur,
1593 4375 1795 4452 peregrinando
1804 4373 1897 4448 finiat

316 4488 335 4519 ⁴·
350 4483 407 4540 dira
432 4478 525 4537 citu?
567 4475 699 4532 Theodor.
715 4477 813 4532 Paenit.
827 4477 870 4532 tii.
881 4485 911 4547 3,
934 4496 961 4536 c.
973 4484 1083 4535 ‘zo—‘⁴
1099 4481 1159 4533 Aut
1180 4477 1267 4532 iaciat
1278 4493 1424 4532 carcerem
1434 4475 1569 4548 jejunans
1582 4471 1706 4548 quotidie
1727 4470 1757 4525 iu
1780 4486 1853 4544 pane
1867 4477 1896 4526 et

317 4585 337 4615 ‘⁸
353 4599 438 4655 aqua,
453 4589 503 4633 out
518 4571 665 4630 eoteaul.”
703 4571 783 4627 Ivon.
795 4590 823 4646 p.
840 4577 884 4636 10,
898 4589 924 4628 c.
940 4568 985 4627 lii.
1029 4573 1158 4629 Morinos
1174 4571 1265 4645 inquit
1279 4570 1333 4626 hoc
1353 4589 1439 4646 genua
1460 4569 1628 4645 lraemtentiae
1648 4564 1771 4642 pubiicae
1791 4563 1897 4641 priori·

316 4676 368 4732 bus
382 4673 498 4729 §reculis
512 4679 530 4705 “
545 4679 610 4727 onte
626 4667 762 4725 Theodori
786 4674 917 4740 temporo,
940 4673 967 4721 et
990 4684 1086 4721 onnam
1105 4672 1175 4733 700,
1187 4665 1347 4721 inusitatum
1362 4666 1484 4740 ‘tuiroess'
1525 4663 1623 4722 Morio
1635 4665 1672 4719 de
1682 4661 1778 4737 paenit.
1787 4680 1815 4737 p.
1824 4664 1899 4729 474,

317 4769 392 4846 quod
407 4779 484 4826 certe
498 4769 520 4824 si
536 4785 631 4823 verum
653 4774 735 4830 caret,
751 4761 906 4821 Annalium
929 4761 1129 4828 Hibernorum,
1151 4764 1181 4817 in
1207 4761 1308 4835 quibus
1333 4762 1409 4820 istud
1430 4761 1600 4838 paenitentia
1621 4776 1709 4834 genua
1727 4776 1783 4814 non
1806 4753 1897 4817 semet

316 4875 385 4923 ante
407 4864 543 4924 seculum
563 4863 600 4926 vii
622 4873 806 4933 memoretur,
830 4856 896 4919 fidei
916 4868 951 4918 ot
971 4853 1136 4916 auctoritati
1161 4857 1322 4942 derogaret.
1376 4862 1428 4929 At,
1456 4877 1532 4937 paco
1556 4854 1717 4917 doctiarimi
1739 4851 1802 4926 viri,
1815 4860 1896 4911 extat
