<?xml version="1.0" encoding="UTF-8"?>
<!DOCTYPE html PUBLIC "-//W3C//DTD XHTML 1.0 Transitional//EN"
    "http://www.w3.org/TR/xhtml1/DTD/xhtml1-transitional.dtd">
<html xmlns="http://www.w3.org/1999/xhtml" xml:lang="en" lang="en">
 <head>
  <title>
</title>
<meta http-equiv="Content-Type" content="text/html;charset=utf-8" />
  <meta name='ocr-system' content='tesseract 3.04.00' />
  <meta name='ocr-capabilities' content='ocr_page ocr_carea ocr_par ocr_line ocrx_word'/>
</head>
<body>
  <div class='ocr_page' id='page_1' title='image "./rerumhibernicar00tigegoog_0026.png"; bbox 0 0 4446 6000; ppageno 0'>
   <div class='ocr_carea' id='block_1_1' title="bbox 773 571 1866 653">
    <p class='ocr_par' dir='ltr' id='par_1_1' title="bbox 773 571 1866 653">
     <span class='ocr_line' id='line_1_1' title="bbox 773 571 1866 653; baseline 0.002 -2"><span class='ocrx_word' id='word_1_1' title='bbox 773 587 1011 651; x_wconf 69' lang='lat' dir='ltr'>Annaeus</span> <span class='ocrx_word' id='word_1_2' title='bbox 1040 576 1413 650; x_wconf 74' lang='lat' dir='ltr'>usronrnnsss&#39;</span> <span class='ocrx_word' id='word_1_3' title='bbox 1809 571 1866 653; x_wconf 88' lang='lat'>13</span> 
     </span>
    </p>
   </div>
   <div class='ocr_carea' id='block_1_2' title="bbox 283 752 1881 2088">
    <p class='ocr_par' dir='ltr' id='par_1_2' title="bbox 286 752 1874 1474">
     <span class='ocr_line' id='line_1_2' title="bbox 290 752 1868 865; baseline -0.003 -18"><span class='ocrx_word' id='word_1_4' title='bbox 290 752 360 848; x_wconf 62' lang='lat' dir='ltr'>uu.</span> <span class='ocrx_word' id='word_1_5' title='bbox 378 765 418 846; x_wconf 59' lang='lat' dir='ltr'>P</span> <span class='ocrx_word' id='word_1_6' title='bbox 434 771 501 856; x_wconf 71' lang='lat' dir='ltr'>tit.</span> <span class='ocrx_word' id='word_1_7' title='bbox 528 767 705 843; x_wconf 80' lang='lat' dir='ltr'>KatJan.</span> <span class='ocrx_word' id='word_1_8' title='bbox 723 768 771 840; x_wconf 91' lang='lat' dir='ltr'>iv.</span> <span class='ocrx_word' id='word_1_9' title='bbox 787 765 852 842; x_wconf 85' lang='lat' dir='ltr'>fer.</span> <span class='ocrx_word' id='word_1_10' title='bbox 870 769 946 840; x_wconf 94' lang='lat' dir='ltr'>lun.</span> <span class='ocrx_word' id='word_1_11' title='bbox 962 768 1067 841; x_wconf 82' lang='lat' dir='ltr'>xxvi.</span> <span class='ocrx_word' id='word_1_12' title='bbox 1108 768 1268 843; x_wconf 79' lang='lat' dir='ltr'>Conlued</span> <span class='ocrx_word' id='word_1_13' title='bbox 1297 768 1380 865; x_wconf 86' lang='lat' dir='ltr'>Eps.</span> <span class='ocrx_word' id='word_1_14' title='bbox 1413 766 1506 841; x_wconf 83' lang='lat' dir='ltr'>Cille</span> <span class='ocrx_word' id='word_1_15' title='bbox 1540 768 1630 841; x_wconf 82' lang='lat' dir='ltr'>dara</span> <span class='ocrx_word' id='word_1_16' title='bbox 1654 768 1868 863; x_wconf 75' lang='lat' dir='ltr'>[Kilrlaren</span> 
     </span>
     <span class='ocr_line' id='line_1_3' title="bbox 289 890 1867 991; baseline 0.003 -28"><span class='ocrx_word' id='word_1_17' title='bbox 289 892 347 979; x_wconf 91' lang='lat' dir='ltr'>sis,</span> <span class='ocrx_word' id='word_1_18' title='bbox 366 913 429 964; x_wconf 85' lang='lat' dir='ltr'>seu</span> <span class='ocrx_word' id='word_1_19' title='bbox 448 892 624 965; x_wconf 83' lang='lat' dir='ltr'>Ecclesiae</span> <span class='ocrx_word' id='word_1_20' title='bbox 637 890 830 984; x_wconf 86' lang='lat' dir='ltr'>Roboreti]</span> <span class='ocrx_word' id='word_1_21' title='bbox 851 904 1019 963; x_wconf 89' lang='lat' dir='ltr'>mortuus</span> <span class='ocrx_word' id='word_1_22' title='bbox 1033 905 1098 964; x_wconf 89' lang='lat' dir='ltr'>est.</span> <span class='ocrx_word' id='word_1_23' title='bbox 1122 891 1265 964; x_wconf 86' lang='lat' dir='ltr'>Bellum</span> <span class='ocrx_word' id='word_1_24' title='bbox 1276 892 1419 966; x_wconf 84' lang='lat' dir='ltr'>Detnea</span> <span class='ocrx_word' id='word_1_25' title='bbox 1437 894 1474 965; x_wconf 83' lang='lat' dir='ltr'>iu</span> <span class='ocrx_word' id='word_1_26' title='bbox 1488 892 1731 967; x_wconf 76' lang='lat' dir='ltr'>Druimbuiblc</span> <span class='ocrx_word' id='word_1_27' title='bbox 1753 895 1867 991; x_wconf 80' lang='lat' dir='ltr'>Breg.</span> 
     </span>
     <span class='ocr_line' id='line_1_4' title="bbox 294 1011 1874 1109; baseline 0.003 -24"><span class='ocrx_word' id='word_1_28' title='bbox 294 1013 484 1105; x_wconf 82' lang='lat' dir='ltr'>[Praelium</span> <span class='ocrx_word' id='word_1_29' title='bbox 501 1014 711 1088; x_wconf 88' lang='lat' dir='ltr'>Detneense</span> <span class='ocrx_word' id='word_1_30' title='bbox 726 1012 765 1086; x_wconf 92' lang='lat' dir='ltr'>in</span> <span class='ocrx_word' id='word_1_31' title='bbox 783 1011 940 1086; x_wconf 91' lang='lat' dir='ltr'>collibus</span> <span class='ocrx_word' id='word_1_32' title='bbox 960 1013 1118 1109; x_wconf 84' lang='lat' dir='ltr'>Bregiae]</span> <span class='ocrx_word' id='word_1_33' title='bbox 1140 1013 1177 1084; x_wconf 94' lang='lat' dir='ltr'>in</span> <span class='ocrx_word' id='word_1_34' title='bbox 1195 1038 1270 1107; x_wconf 92' lang='lat' dir='ltr'>quo</span> <span class='ocrx_word' id='word_1_35' title='bbox 1287 1014 1425 1087; x_wconf 86' lang='lat' dir='ltr'>cecidit</span> <span class='ocrx_word' id='word_1_36' title='bbox 1453 1014 1601 1101; x_wconf 61' lang='lat' dir='ltr'>Ardent</span> <span class='ocrx_word' id='word_1_37' title='bbox 1615 1014 1712 1088; x_wconf 88' lang='lat' dir='ltr'>lilius</span> <span class='ocrx_word' id='word_1_38' title='bbox 1728 1015 1874 1089; x_wconf 81' lang='lat' dir='ltr'>Connil!</span> 
     </span>
     <span class='ocr_line' id='line_1_5' title="bbox 289 1135 1869 1235; baseline 0.002 -28"><span class='ocrx_word' id='word_1_39' title='bbox 289 1135 355 1208; x_wconf 89' lang='lat' dir='ltr'>filii</span> <span class='ocrx_word' id='word_1_40' title='bbox 372 1136 489 1225; x_wconf 84' lang='lat' dir='ltr'>Neill,</span> <span class='ocrx_word' id='word_1_41' title='bbox 510 1137 651 1235; x_wconf 83' lang='lat' dir='ltr'>Colgga</span> <span class='ocrx_word' id='word_1_42' title='bbox 668 1161 746 1210; x_wconf 83' lang='lat' dir='ltr'>mec</span> <span class='ocrx_word' id='word_1_43' title='bbox 764 1135 909 1208; x_wconf 72' lang='lat' dir='ltr'>Cluenti</span> <span class='ocrx_word' id='word_1_44' title='bbox 934 1158 999 1207; x_wconf 87' lang='lat' dir='ltr'>rex</span> <span class='ocrx_word' id='word_1_45' title='bbox 1024 1135 1270 1224; x_wconf 86' lang='lat' dir='ltr'>orientalium,</span> <span class='ocrx_word' id='word_1_46' title='bbox 1296 1160 1380 1210; x_wconf 84' lang='lat' dir='ltr'>ocus</span> <span class='ocrx_word' id='word_1_47' title='bbox 1402 1138 1470 1232; x_wconf 87' lang='lat' dir='ltr'>[et]</span> <span class='ocrx_word' id='word_1_48' title='bbox 1504 1138 1771 1211; x_wconf 79' lang='lat' dir='ltr'>Illurceartucb</span> <span class='ocrx_word' id='word_1_49' title='bbox 1792 1161 1869 1211; x_wconf 83' lang='lat' dir='ltr'>mec</span> 
     </span>
     <span class='ocr_line' id='line_1_6' title="bbox 294 1239 1868 1357; baseline 0.001 -27"><span class='ocrx_word' id='word_1_50' title='bbox 294 1256 398 1330; x_wconf 76' lang='lat' dir='ltr'>Ecca</span> <span class='ocrx_word' id='word_1_51' title='bbox 417 1258 577 1332; x_wconf 92' lang='lat' dir='ltr'>victores</span> <span class='ocrx_word' id='word_1_52' title='bbox 601 1239 715 1332; x_wconf 85' lang='lat' dir='ltr'>erant.</span> <span class='ocrx_word' id='word_1_53' title='bbox 752 1257 903 1351; x_wconf 71' lang='lat' dir='ltr'>Conigal</span> <span class='ocrx_word' id='word_1_54' title='bbox 918 1255 1123 1330; x_wconf 78' lang='lat' dir='ltr'>Bennelreir·</span> <span class='ocrx_word' id='word_1_55' title='bbox 1145 1256 1320 1355; x_wconf 75' lang='lat' dir='ltr'>[Conigal</span> <span class='ocrx_word' id='word_1_56' title='bbox 1347 1259 1485 1356; x_wconf 91' lang='lat' dir='ltr'>primus</span> <span class='ocrx_word' id='word_1_57' title='bbox 1507 1259 1631 1331; x_wconf 85' lang='lat' dir='ltr'>Abbas</span> <span class='ocrx_word' id='word_1_58' title='bbox 1655 1259 1868 1357; x_wconf 84' lang='lat' dir='ltr'>Bangoren·</span> 
     </span>
     <span class='ocr_line' id='line_1_7' title="bbox 286 1375 906 1474; baseline -0.003 -24"><span class='ocrx_word' id='word_1_59' title='bbox 286 1378 335 1451; x_wconf 90' lang='lat' dir='ltr'>sis</span> <span class='ocrx_word' id='word_1_60' title='bbox 352 1380 389 1451; x_wconf 92' lang='lat' dir='ltr'>in</span> <span class='ocrx_word' id='word_1_61' title='bbox 411 1379 607 1474; x_wconf 77' lang='lat' dir='ltr'>Hibernia]</span> <span class='ocrx_word' id='word_1_62' title='bbox 639 1392 749 1452; x_wconf 88' lang='lat' dir='ltr'>natus</span> <span class='ocrx_word' id='word_1_63' title='bbox 765 1375 906 1470; x_wconf 82' lang='lat' dir='ltr'>est.(l)</span> 
     </span>
    </p>

    <p class='ocr_par' dir='ltr' id='par_1_3' title="bbox 286 1497 1675 1597">
     <span class='ocr_line' id='line_1_8' title="bbox 286 1497 1675 1597; baseline -0.004 -18"><span class='ocrx_word' id='word_1_64' title='bbox 286 1501 356 1579; x_wconf 72' lang='lat' dir='ltr'>ltu.</span> <span class='ocrx_word' id='word_1_65' title='bbox 372 1499 413 1579; x_wconf 76' lang='lat' dir='ltr'>b</span> <span class='ocrx_word' id='word_1_66' title='bbox 430 1521 484 1585; x_wconf 71' lang='lat' dir='ltr'>tt.</span> <span class='ocrx_word' id='word_1_67' title='bbox 502 1502 584 1574; x_wconf 89' lang='lat' dir='ltr'>Kal.</span> <span class='ocrx_word' id='word_1_68' title='bbox 597 1501 621 1574; x_wconf 91' lang='lat' dir='ltr'>J</span> <span class='ocrx_word' id='word_1_69' title='bbox 625 1525 683 1572; x_wconf 92' lang='lat' dir='ltr'>an.</span> <span class='ocrx_word' id='word_1_70' title='bbox 704 1500 751 1573; x_wconf 85' lang='lat' dir='ltr'>v&#39;i.</span> <span class='ocrx_word' id='word_1_71' title='bbox 772 1497 836 1571; x_wconf 89' lang='lat' dir='ltr'>fer.</span> <span class='ocrx_word' id='word_1_72' title='bbox 854 1499 930 1571; x_wconf 94' lang='lat' dir='ltr'>lun.</span> <span class='ocrx_word' id='word_1_73' title='bbox 945 1498 1008 1571; x_wconf 90' lang='lat' dir='ltr'>vii.</span> <span class='ocrx_word' id='word_1_74' title='bbox 1080 1498 1212 1573; x_wconf 86' lang='lat' dir='ltr'>Cuinec</span> <span class='ocrx_word' id='word_1_75' title='bbox 1232 1499 1378 1573; x_wconf 81' lang='lat' dir='ltr'>Acbabo</span> <span class='ocrx_word' id='word_1_76' title='bbox 1398 1512 1589 1575; x_wconf 89' lang='lat' dir='ltr'>natusest.</span> <span class='ocrx_word' id='word_1_77' title='bbox 1613 1500 1675 1597; x_wconf 81' lang='lat'><em>(9.)</em></span> 
     </span>
    </p>

    <p class='ocr_par' dir='ltr' id='par_1_4' title="bbox 284 1621 1114 1709">
     <span class='ocr_line' id='line_1_9' title="bbox 284 1621 1114 1709; baseline -0.012 -7"><span class='ocrx_word' id='word_1_78' title='bbox 284 1625 354 1703; x_wconf 61' lang='grc' dir='ltr'>ἕλη.</span> <span class='ocrx_word' id='word_1_79' title='bbox 373 1622 414 1702; x_wconf 67' lang='lat' dir='ltr'>Pl&gt;</span> <span class='ocrx_word' id='word_1_80' title='bbox 432 1625 516 1709; x_wconf 68' lang='lat' dir='ltr'>m.</span> <span class='ocrx_word' id='word_1_81' title='bbox 545 1623 627 1696; x_wconf 85' lang='lat' dir='ltr'>Kal.</span> <span class='ocrx_word' id='word_1_82' title='bbox 645 1623 730 1696; x_wconf 86' lang='lat' dir='ltr'>Jan.</span> <span class='ocrx_word' id='word_1_83' title='bbox 745 1621 807 1693; x_wconf 88' lang='lat' dir='ltr'>vii.</span> <span class='ocrx_word' id='word_1_84' title='bbox 829 1621 894 1695; x_wconf 85' lang='lat' dir='ltr'>fer.</span> <span class='ocrx_word' id='word_1_85' title='bbox 914 1621 992 1693; x_wconf 87' lang='lat' dir='ltr'>lun.</span> <span class='ocrx_word' id='word_1_86' title='bbox 1007 1621 1114 1693; x_wconf 82' lang='lat' dir='ltr'>xviii.</span> 
     </span>
    </p>

    <p class='ocr_par' dir='ltr' id='par_1_5' title="bbox 283 1742 1881 2088">
     <span class='ocr_line' id='line_1_10' title="bbox 286 1742 1869 1840; baseline 0.004 -25"><span class='ocrx_word' id='word_1_87' title='bbox 286 1751 356 1825; x_wconf 67' lang='lat' dir='ltr'>flu.</span> <span class='ocrx_word' id='word_1_88' title='bbox 376 1746 535 1832; x_wconf 64' lang='lat' dir='ltr'>metit,</span> <span class='ocrx_word' id='word_1_89' title='bbox 554 1744 635 1817; x_wconf 89' lang='lat' dir='ltr'>Kal.</span> <span class='ocrx_word' id='word_1_90' title='bbox 655 1744 740 1817; x_wconf 91' lang='lat' dir='ltr'>Jan.</span> <span class='ocrx_word' id='word_1_91' title='bbox 758 1744 780 1815; x_wconf 92' lang='lat' dir='ltr'>i.</span> <span class='ocrx_word' id='word_1_92' title='bbox 799 1742 863 1817; x_wconf 85' lang='lat' dir='ltr'>fer.</span> <span class='ocrx_word' id='word_1_93' title='bbox 882 1744 960 1816; x_wconf 86' lang='lat' dir='ltr'>lun.</span> <span class='ocrx_word' id='word_1_94' title='bbox 974 1743 1082 1815; x_wconf 89' lang='lat' dir='ltr'>xxix.</span> <span class='ocrx_word' id='word_1_95' title='bbox 1137 1743 1235 1818; x_wconf 76' lang='lat' dir='ltr'>Cart</span> <span class='ocrx_word' id='word_1_96' title='bbox 1259 1746 1296 1817; x_wconf 81' lang='lat' dir='ltr'>in</span> <span class='ocrx_word' id='word_1_97' title='bbox 1315 1744 1498 1818; x_wconf 82' lang='lat' dir='ltr'>dromeibh</span> <span class='ocrx_word' id='word_1_98' title='bbox 1516 1745 1635 1840; x_wconf 81' lang='lat' dir='ltr'>breeg.</span> <span class='ocrx_word' id='word_1_99' title='bbox 1676 1746 1869 1840; x_wconf 87' lang='lat' dir='ltr'>[Praelium</span> 
     </span>
     <span class='ocr_line' id='line_1_11' title="bbox 283 1865 1881 1964; baseline 0.002 -22"><span class='ocrx_word' id='word_1_100' title='bbox 283 1869 322 1942; x_wconf 93' lang='lat' dir='ltr'>in</span> <span class='ocrx_word' id='word_1_101' title='bbox 357 1867 516 1942; x_wconf 90' lang='lat' dir='ltr'>collibus</span> <span class='ocrx_word' id='word_1_102' title='bbox 552 1866 710 1964; x_wconf 85' lang='lat' dir='ltr'>Bregiae]</span> <span class='ocrx_word' id='word_1_103' title='bbox 741 1866 779 1938; x_wconf 90' lang='lat' dir='ltr'>in</span> <span class='ocrx_word' id='word_1_104' title='bbox 806 1889 882 1961; x_wconf 89' lang='lat' dir='ltr'>quo</span> <span class='ocrx_word' id='word_1_105' title='bbox 900 1865 1039 1938; x_wconf 89' lang='lat' dir='ltr'>cecidit</span> <span class='ocrx_word' id='word_1_106' title='bbox 1063 1867 1212 1960; x_wconf 82' lang='lat' dir='ltr'>Ardgel</span> <span class='ocrx_word' id='word_1_107' title='bbox 1240 1866 1339 1939; x_wconf 83' lang='lat' dir='ltr'>iilius</span> <span class='ocrx_word' id='word_1_108' title='bbox 1364 1868 1507 1941; x_wconf 82' lang='lat' dir='ltr'>Cunnill</span> <span class='ocrx_word' id='word_1_109' title='bbox 1539 1868 1773 1943; x_wconf 82' lang='lat' dir='ltr'>Cremlrtnine</span> <span class='ocrx_word' id='word_1_110' title='bbox 1816 1871 1881 1945; x_wconf 74' lang='lat' dir='ltr'>me</span> 
     </span>
     <span class='ocr_line' id='line_1_12' title="bbox 290 1987 1869 2088; baseline 0.001 -21"><span class='ocrx_word' id='word_1_111' title='bbox 290 1992 410 2067; x_wconf 84' lang='lat' dir='ltr'>Neill.</span> <span class='ocrx_word' id='word_1_112' title='bbox 432 1992 540 2066; x_wconf 83' lang='lat' dir='ltr'>Buiti</span> <span class='ocrx_word' id='word_1_113' title='bbox 563 1991 596 2063; x_wconf 85' lang='lat' dir='ltr'>ie</span> <span class='ocrx_word' id='word_1_114' title='bbox 622 1989 789 2086; x_wconf 75' lang='lat' dir='ltr'>Bioneig</span> <span class='ocrx_word' id='word_1_115' title='bbox 828 1987 992 2083; x_wconf 86' lang='lat' dir='ltr'>[ssuitius</span> <span class='ocrx_word' id='word_1_116' title='bbox 1026 1987 1124 2061; x_wconf 79' lang='lat' dir='ltr'>filius</span> <span class='ocrx_word' id='word_1_117' title='bbox 1157 1988 1350 2088; x_wconf 85' lang='lat' dir='ltr'>Bronagii]</span> <span class='ocrx_word' id='word_1_118' title='bbox 1373 1988 1478 2063; x_wconf 87' lang='lat' dir='ltr'>obiit.</span> <span class='ocrx_word' id='word_1_119' title='bbox 1512 1991 1583 2064; x_wconf 88' lang='lat' dir='ltr'>Vel</span> <span class='ocrx_word' id='word_1_120' title='bbox 1597 1990 1661 2066; x_wconf 89' lang='lat' dir='ltr'>bic</span> <span class='ocrx_word' id='word_1_121' title='bbox 1693 1994 1869 2069; x_wconf 77' lang='lat' dir='ltr'>nativitas</span> 
     </span>
    </p>
   </div>
   <div class='ocr_carea' id='block_1_3' title="bbox 283 2115 1904 2820">
    <p class='ocr_par' dir='ltr' id='par_1_6' title="bbox 283 2115 1904 2460">
     <span class='ocr_line' id='line_1_13' title="bbox 285 2115 527 2190; baseline -0.008 0"><span class='ocrx_word' id='word_1_122' title='bbox 285 2115 527 2190; x_wconf 77' lang='lat' dir='ltr'>Coluimca&#39;lle.</span> 
     </span>
     <span class='ocr_line' id='line_1_14' title="bbox 283 2234 1904 2340; baseline 0 -24"><span class='ocrx_word' id='word_1_123' title='bbox 283 2237 537 2323; x_wconf 62' lang='lat' dir='ltr'>antonne</span> <span class='ocrx_word' id='word_1_124' title='bbox 572 2238 653 2311; x_wconf 82' lang='lat' dir='ltr'>Kal.</span> <span class='ocrx_word' id='word_1_125' title='bbox 667 2237 752 2310; x_wconf 85' lang='lat' dir='ltr'>Jan.</span> <span class='ocrx_word' id='word_1_126' title='bbox 768 2237 803 2310; x_wconf 88' lang='lat' dir='ltr'>ii.</span> <span class='ocrx_word' id='word_1_127' title='bbox 819 2234 883 2310; x_wconf 86' lang='lat' dir='ltr'>fer.</span> <span class='ocrx_word' id='word_1_128' title='bbox 902 2237 1027 2309; x_wconf 83' lang='lat' dir='ltr'>lunx.</span> <span class='ocrx_word' id='word_1_129' title='bbox 1081 2235 1225 2309; x_wconf 88' lang='lat' dir='ltr'>Bellum</span> <span class='ocrx_word' id='word_1_130' title='bbox 1252 2235 1465 2310; x_wconf 83' lang='lat' dir='ltr'>Cniurifrlii</span> <span class='ocrx_word' id='word_1_131' title='bbox 1492 2239 1609 2314; x_wconf 82' lang='lat' dir='ltr'>Neill.</span> <span class='ocrx_word' id='word_1_132' title='bbox 1647 2239 1767 2315; x_wconf 80' lang='lat' dir='ltr'>Beeid</span> <span class='ocrx_word' id='word_1_133' title='bbox 1796 2239 1904 2340; x_wconf 86' lang='lat' dir='ltr'>Eps·</span> 
     </span>
     <span class='ocr_line' id='line_1_15' title="bbox 283 2359 1362 2460; baseline 0.002 -28"><span class='ocrx_word' id='word_1_134' title='bbox 283 2359 480 2434; x_wconf 71' lang='lat' dir='ltr'>Arduenna</span> <span class='ocrx_word' id='word_1_135' title='bbox 499 2386 530 2460; x_wconf 88' lang='lat' dir='ltr'>q.</span> <span class='ocrx_word' id='word_1_136' title='bbox 565 2359 684 2444; x_wconf 85' lang='lat' dir='ltr'>Quies</span> <span class='ocrx_word' id='word_1_137' title='bbox 701 2361 733 2432; x_wconf 88' lang='lat' dir='ltr'>S.</span> <span class='ocrx_word' id='word_1_138' title='bbox 748 2359 899 2457; x_wconf 87' lang='lat' dir='ltr'>Brigide</span> <span class='ocrx_word' id='word_1_139' title='bbox 915 2383 974 2431; x_wconf 90' lang='lat' dir='ltr'>an.</span> <span class='ocrx_word' id='word_1_140' title='bbox 988 2360 1058 2431; x_wconf 87' lang='lat' dir='ltr'>lxx</span> <span class='ocrx_word' id='word_1_141' title='bbox 1076 2359 1184 2433; x_wconf 85' lang='lat' dir='ltr'>etatis</span> <span class='ocrx_word' id='word_1_142' title='bbox 1201 2384 1275 2433; x_wconf 87' lang='lat' dir='ltr'>sue.</span> <span class='ocrx_word' id='word_1_143' title='bbox 1301 2361 1362 2457; x_wconf 78' lang='lat'>(3)</span> 
     </span>
    </p>

    <p class='ocr_par' dir='ltr' id='par_1_7' title="bbox 283 2480 1871 2820">
     <span class='ocr_line' id='line_1_16' title="bbox 284 2480 1871 2582; baseline 0 -23"><span class='ocrx_word' id='word_1_144' title='bbox 284 2483 354 2560; x_wconf 68' lang='lat' dir='ltr'>zu</span> <span class='ocrx_word' id='word_1_145' title='bbox 371 2480 412 2557; x_wconf 70' lang='lat' dir='ltr'>b</span> <span class='ocrx_word' id='word_1_146' title='bbox 428 2501 471 2566; x_wconf 72' lang='lat' dir='ltr'><strong><em>n</em></strong></span> <span class='ocrx_word' id='word_1_147' title='bbox 484 2483 537 2560; x_wconf 72' lang='lat' dir='ltr'>tn.</span> <span class='ocrx_word' id='word_1_148' title='bbox 568 2482 651 2555; x_wconf 84' lang='lat' dir='ltr'>Kal</span> <span class='ocrx_word' id='word_1_149' title='bbox 672 2481 756 2554; x_wconf 88' lang='lat' dir='ltr'>Jan.</span> <span class='ocrx_word' id='word_1_150' title='bbox 766 2481 814 2554; x_wconf 86' lang='lat' dir='ltr'>iv.</span> <span class='ocrx_word' id='word_1_151' title='bbox 833 2481 898 2556; x_wconf 87' lang='lat' dir='ltr'>fer.</span> <span class='ocrx_word' id='word_1_152' title='bbox 912 2481 1243 2556; x_wconf 86' lang='lat' dir='ltr'>lun.....Jolrannes</span> <span class='ocrx_word' id='word_1_153' title='bbox 1268 2483 1438 2557; x_wconf 85' lang='lat' dir='ltr'>Romane.</span> <span class='ocrx_word' id='word_1_154' title='bbox 1459 2483 1565 2558; x_wconf 89' lang='lat' dir='ltr'>Eccl.</span> <span class='ocrx_word' id='word_1_155' title='bbox 1584 2484 1684 2582; x_wconf 79' lang='lat' dir='ltr'>Papa</span> <span class='ocrx_word' id='word_1_156' title='bbox 1715 2484 1752 2573; x_wconf 89' lang='lat' dir='ltr'>li,</span> <span class='ocrx_word' id='word_1_157' title='bbox 1773 2485 1871 2559; x_wconf 82' lang='lat' dir='ltr'>‹luo-</span> 
     </span>
     <span class='ocr_line' id='line_1_17' title="bbox 285 2603 1871 2704; baseline 0.002 -26"><span class='ocrx_word' id='word_1_158' title='bbox 285 2605 355 2679; x_wconf 94' lang='lat' dir='ltr'>bus</span> <span class='ocrx_word' id='word_1_159' title='bbox 373 2606 481 2680; x_wconf 87' lang='lat' dir='ltr'>annis</span> <span class='ocrx_word' id='word_1_160' title='bbox 501 2607 599 2681; x_wconf 88' lang='lat' dir='ltr'>vixit</span> <span class='ocrx_word' id='word_1_161' title='bbox 616 2607 655 2679; x_wconf 92' lang='lat' dir='ltr'>in</span> <span class='ocrx_word' id='word_1_162' title='bbox 671 2606 756 2679; x_wconf 88' lang='lat' dir='ltr'>sede</span> <span class='ocrx_word' id='word_1_163' title='bbox 775 2605 884 2694; x_wconf 88' lang='lat' dir='ltr'>Petri,</span> <span class='ocrx_word' id='word_1_164' title='bbox 905 2603 1274 2704; x_wconf 84' lang='lat' dir='ltr'>Constantinopolim</span> <span class='ocrx_word' id='word_1_165' title='bbox 1292 2606 1405 2695; x_wconf 88' lang='lat' dir='ltr'>venit,</span> <span class='ocrx_word' id='word_1_166' title='bbox 1429 2606 1493 2702; x_wconf 85' lang='lat' dir='ltr'>qui</span> <span class='ocrx_word' id='word_1_167' title='bbox 1512 2606 1603 2680; x_wconf 90' lang='lat' dir='ltr'>dum</span> <span class='ocrx_word' id='word_1_168' title='bbox 1619 2606 1775 2695; x_wconf 88' lang='lat' dir='ltr'>rediens,</span> <span class='ocrx_word' id='word_1_169' title='bbox 1797 2608 1871 2681; x_wconf 82' lang='lat' dir='ltr'>Ita-</span> 
     </span>
     <span class='ocr_line' id='line_1_18' title="bbox 283 2727 1870 2820; baseline 0.003 -19"><span class='ocrx_word' id='word_1_170' title='bbox 283 2752 442 2802; x_wconf 90' lang='lat' dir='ltr'>vennam</span> <span class='ocrx_word' id='word_1_171' title='bbox 478 2729 648 2817; x_wconf 90' lang='lat' dir='ltr'>venisset,</span> <span class='ocrx_word' id='word_1_172' title='bbox 680 2727 936 2800; x_wconf 89' lang='lat' dir='ltr'>Theodoricus</span> <span class='ocrx_word' id='word_1_173' title='bbox 961 2751 1025 2801; x_wconf 88' lang='lat' dir='ltr'>rex</span> <span class='ocrx_word' id='word_1_174' title='bbox 1054 2729 1215 2802; x_wconf 75' lang='lat' dir='ltr'>Asianus</span> <span class='ocrx_word' id='word_1_175' title='bbox 1242 2754 1327 2803; x_wconf 88' lang='lat' dir='ltr'>eum</span> <span class='ocrx_word' id='word_1_176' title='bbox 1345 2754 1434 2803; x_wconf 91' lang='lat' dir='ltr'>cum</span> <span class='ocrx_word' id='word_1_177' title='bbox 1463 2728 1672 2820; x_wconf 79' lang='lat' dir='ltr'>comitibus,</span> <span class='ocrx_word' id='word_1_178' title='bbox 1711 2731 1870 2805; x_wconf 86' lang='lat' dir='ltr'>carceris</span> 
     </span>
    </p>
   </div>
   <div class='ocr_carea' id='block_1_4' title="bbox 280 3038 1873 4838">
    <p class='ocr_par' dir='ltr' id='par_1_8' title="bbox 282 3038 1873 3882">
     <span class='ocr_line' id='line_1_19' title="bbox 285 3038 1870 3118; baseline 0.004 -20"><span class='ocrx_word' id='word_1_179' title='bbox 285 3052 315 3099; x_wconf 84' lang='lat' dir='ltr'>et</span> <span class='ocrx_word' id='word_1_180' title='bbox 325 3041 462 3101; x_wconf 71' lang='lat' dir='ltr'>Auribus.</span> <span class='ocrx_word' id='word_1_181' title='bbox 497 3041 638 3110; x_wconf 82' lang='lat' dir='ltr'>Priorem,</span> <span class='ocrx_word' id='word_1_182' title='bbox 655 3038 755 3096; x_wconf 86' lang='lat' dir='ltr'>eodem</span> <span class='ocrx_word' id='word_1_183' title='bbox 774 3039 831 3097; x_wconf 82' lang='lat' dir='ltr'>fere</span> <span class='ocrx_word' id='word_1_184' title='bbox 839 3049 970 3117; x_wconf 82' lang='lat' dir='ltr'>tempore</span> <span class='ocrx_word' id='word_1_185' title='bbox 988 3059 1046 3116; x_wconf 88' lang='lat' dir='ltr'>quo</span> <span class='ocrx_word' id='word_1_186' title='bbox 1055 3041 1229 3098; x_wconf 81' lang='lat' dir='ltr'>avunculum</span> <span class='ocrx_word' id='word_1_187' title='bbox 1244 3043 1304 3116; x_wconf 85' lang='lat' dir='ltr'>ejus</span> <span class='ocrx_word' id='word_1_188' title='bbox 1318 3045 1485 3112; x_wconf 81' lang='lat' dir='ltr'>Patricium,</span> <span class='ocrx_word' id='word_1_189' title='bbox 1499 3045 1527 3102; x_wconf 90' lang='lat' dir='ltr'>in</span> <span class='ocrx_word' id='word_1_190' title='bbox 1542 3047 1637 3104; x_wconf 87' lang='lat' dir='ltr'>lucem</span> <span class='ocrx_word' id='word_1_191' title='bbox 1656 3047 1764 3104; x_wconf 88' lang='lat' dir='ltr'>editum</span> <span class='ocrx_word' id='word_1_192' title='bbox 1774 3049 1870 3118; x_wconf 80' lang='lat' dir='ltr'>fuisse,</span> 
     </span>
     <span class='ocr_line' id='line_1_20' title="bbox 283 3133 1873 3214; baseline 0.003 -20"><span class='ocrx_word' id='word_1_193' title='bbox 283 3147 361 3214; x_wconf 83' lang='lat' dir='ltr'>patet</span> <span class='ocrx_word' id='word_1_194' title='bbox 372 3158 409 3194; x_wconf 87' lang='lat' dir='ltr'>ex</span> <span class='ocrx_word' id='word_1_195' title='bbox 424 3137 467 3194; x_wconf 88' lang='lat' dir='ltr'>his</span> <span class='ocrx_word' id='word_1_196' title='bbox 480 3137 649 3204; x_wconf 80' lang='lat' dir='ltr'>Annalibus,</span> <span class='ocrx_word' id='word_1_197' title='bbox 665 3137 712 3211; x_wconf 90' lang='lat' dir='ltr'>qui</span> <span class='ocrx_word' id='word_1_198' title='bbox 726 3156 792 3195; x_wconf 84' lang='lat' dir='ltr'>ann.</span> <span class='ocrx_word' id='word_1_199' title='bbox 803 3142 874 3205; x_wconf 86' lang='grc'><strong>448,</strong></span> <span class='ocrx_word' id='word_1_200' title='bbox 886 3139 978 3194; x_wconf 84' lang='lat' dir='ltr'>aetutis</span> <span class='ocrx_word' id='word_1_201' title='bbox 991 3156 1049 3194; x_wconf 83' lang='lat' dir='ltr'>suae</span> <span class='ocrx_word' id='word_1_202' title='bbox 1061 3142 1111 3202; x_wconf 87' lang='grc'>75,</span> <span class='ocrx_word' id='word_1_203' title='bbox 1125 3136 1265 3212; x_wconf 81' lang='lat' dir='ltr'>quievisse</span> <span class='ocrx_word' id='word_1_204' title='bbox 1289 3137 1370 3194; x_wconf 89' lang='lat' dir='ltr'>illum</span> <span class='ocrx_word' id='word_1_205' title='bbox 1388 3140 1556 3213; x_wconf 80' lang='lat' dir='ltr'>significant.</span> <span class='ocrx_word' id='word_1_206' title='bbox 1598 3137 1725 3196; x_wconf 73' lang='lat' dir='ltr'>Sechnoll</span> <span class='ocrx_word' id='word_1_207' title='bbox 1745 3133 1873 3198; x_wconf 80' lang='lat' dir='ltr'>habetur</span> 
     </span>
     <span class='ocr_line' id='line_1_21' title="bbox 283 3232 1868 3310; baseline 0.003 -21"><span class='ocrx_word' id='word_1_208' title='bbox 283 3244 386 3291; x_wconf 86' lang='lat' dir='ltr'>auctor</span> <span class='ocrx_word' id='word_1_209' title='bbox 400 3233 497 3310; x_wconf 89' lang='lat' dir='ltr'>hymni</span> <span class='ocrx_word' id='word_1_210' title='bbox 511 3232 579 3289; x_wconf 87' lang='lat' dir='ltr'>editi</span> <span class='ocrx_word' id='word_1_211' title='bbox 595 3232 763 3307; x_wconf 77' lang='lat' dir='ltr'>aColguno,</span> <span class='ocrx_word' id='word_1_212' title='bbox 785 3232 892 3307; x_wconf 86' lang='lat' dir='ltr'>dequo</span> <span class='ocrx_word' id='word_1_213' title='bbox 914 3232 1058 3308; x_wconf 82' lang='lat' dir='ltr'>Antiquus</span> <span class='ocrx_word' id='word_1_214' title='bbox 1079 3232 1208 3308; x_wconf 86' lang='lat' dir='ltr'>Scriptor</span> <span class='ocrx_word' id='word_1_215' title='bbox 1230 3233 1384 3300; x_wconf 86' lang='lat' dir='ltr'>Hibernus,</span> <span class='ocrx_word' id='word_1_216' title='bbox 1410 3234 1438 3289; x_wconf 94' lang='lat' dir='ltr'>in</span> <span class='ocrx_word' id='word_1_217' title='bbox 1464 3233 1571 3309; x_wconf 84' lang='lat' dir='ltr'>Hymni</span> <span class='ocrx_word' id='word_1_218' title='bbox 1592 3235 1667 3291; x_wconf 86' lang='lat' dir='ltr'>illius</span> <span class='ocrx_word' id='word_1_219' title='bbox 1689 3246 1868 3310; x_wconf 84' lang='lat' dir='ltr'>argumento,</span> 
     </span>
     <span class='ocr_line' id='line_1_22' title="bbox 282 3325 1869 3406; baseline 0.004 -24"><span class='ocrx_word' id='word_1_220' title='bbox 282 3328 375 3406; x_wconf 85' lang='lat' dir='ltr'>inquit</span> <span class='ocrx_word' id='word_1_221' title='bbox 390 3335 409 3362; x_wconf 86' lang='lat'>“</span> <span class='ocrx_word' id='word_1_222' title='bbox 431 3327 557 3386; x_wconf 76' lang='lat' dir='ltr'>Sechnull</span> <span class='ocrx_word' id='word_1_223' title='bbox 564 3328 647 3404; x_wconf 75' lang='lat' dir='ltr'>filius</span> <span class='ocrx_word' id='word_1_224' title='bbox 658 3326 796 3384; x_wconf 66' lang='lat' dir='ltr'>Restituta·</span> <span class='ocrx_word' id='word_1_225' title='bbox 813 3326 847 3384; x_wconf 82' lang='lat' dir='ltr'>ele</span> <span class='ocrx_word' id='word_1_226' title='bbox 860 3325 1061 3403; x_wconf 79' lang='lat' dir='ltr'>Longobortlis,</span> <span class='ocrx_word' id='word_1_227' title='bbox 1087 3335 1114 3384; x_wconf 80' lang='lat' dir='ltr'>et</span> <span class='ocrx_word' id='word_1_228' title='bbox 1130 3327 1263 3385; x_wconf 79' lang='lat' dir='ltr'>Detereoe</span> <span class='ocrx_word' id='word_1_229' title='bbox 1280 3327 1391 3385; x_wconf 83' lang='lat' dir='ltr'>Sororis</span> <span class='ocrx_word' id='word_1_230' title='bbox 1403 3327 1612 3406; x_wconf 62' lang='lat' dir='ltr'>Putriciisecit</span> <span class='ocrx_word' id='word_1_231' title='bbox 1631 3328 1701 3386; x_wconf 76' lang='lat' dir='ltr'>lunc</span> <span class='ocrx_word' id='word_1_232' title='bbox 1719 3330 1869 3405; x_wconf 61' lang='lat' dir='ltr'>Humerum,</span> 
     </span>
     <span class='ocr_line' id='line_1_23' title="bbox 283 3421 1870 3499; baseline 0.003 -20"><span class='ocrx_word' id='word_1_233' title='bbox 283 3431 311 3480; x_wconf 79' lang='lat' dir='ltr'>ct</span> <span class='ocrx_word' id='word_1_234' title='bbox 331 3423 498 3482; x_wconf 75' lang='lat' dir='ltr'>Secundinua</span> <span class='ocrx_word' id='word_1_235' title='bbox 510 3423 661 3481; x_wconf 78' lang='lat' dir='ltr'>Romanum</span> <span class='ocrx_word' id='word_1_236' title='bbox 676 3442 770 3480; x_wconf 80' lang='lat' dir='ltr'>nomen</span> <span class='ocrx_word' id='word_1_237' title='bbox 793 3425 861 3499; x_wconf 69' lang='lat' dir='ltr'>eius.</span> <span class='ocrx_word' id='word_1_238' title='bbox 892 3421 1020 3480; x_wconf 76' lang='lat' dir='ltr'>Sechnall</span> <span class='ocrx_word' id='word_1_239' title='bbox 1032 3423 1237 3481; x_wconf 81' lang='lat' dir='ltr'>Hibernicam.&#39;&#39;</span> <span class='ocrx_word' id='word_1_240' title='bbox 1277 3423 1471 3481; x_wconf 78' lang='lat' dir='ltr'>conserendus</span> <span class='ocrx_word' id='word_1_241' title='bbox 1485 3434 1530 3480; x_wconf 88' lang='lat' dir='ltr'>est</span> <span class='ocrx_word' id='word_1_242' title='bbox 1543 3423 1666 3494; x_wconf 84' lang='lat' dir='ltr'>locello,</span> <span class='ocrx_word' id='word_1_243' title='bbox 1680 3443 1707 3482; x_wconf 89' lang='lat' dir='ltr'>c.</span> <span class='ocrx_word' id='word_1_244' title='bbox 1720 3430 1787 3494; x_wconf 85' lang='grc'><strong>177,</strong></span> <span class='ocrx_word' id='word_1_245' title='bbox 1802 3445 1870 3486; x_wconf 91' lang='lat' dir='ltr'>cum</span> 
     </span>
     <span class='ocr_line' id='line_1_24' title="bbox 284 3517 1873 3597; baseline 0.002 -20"><span class='ocrx_word' id='word_1_246' title='bbox 284 3520 557 3597; x_wconf 78' lang='lat' dir='ltr'>Usserin,pog.825.</span> <span class='ocrx_word' id='word_1_247' title='bbox 594 3519 720 3588; x_wconf 84' lang='lat' dir='ltr'>Quinam</span> <span class='ocrx_word' id='word_1_248' title='bbox 735 3519 840 3577; x_wconf 83' lang='lat' dir='ltr'>luerint</span> <span class='ocrx_word' id='word_1_249' title='bbox 852 3518 1036 3594; x_wconf 64' lang='lat' dir='ltr'>Langobardi,</span> <span class='ocrx_word' id='word_1_250' title='bbox 1050 3519 1172 3576; x_wconf 84' lang='lat' dir='ltr'>aliorum</span> <span class='ocrx_word' id='word_1_251' title='bbox 1187 3527 1249 3576; x_wconf 90' lang='lat' dir='ltr'>esto</span> <span class='ocrx_word' id='word_1_252' title='bbox 1262 3518 1414 3594; x_wconf 83' lang='lat' dir='ltr'>inquirere.</span> <span class='ocrx_word' id='word_1_253' title='bbox 1459 3517 1654 3593; x_wconf 78' lang='lat' dir='ltr'>Langobardos</span> <span class='ocrx_word' id='word_1_254' title='bbox 1671 3520 1700 3576; x_wconf 92' lang='lat' dir='ltr'>in</span> <span class='ocrx_word' id='word_1_255' title='bbox 1722 3521 1873 3580; x_wconf 77' lang='lat' dir='ltr'>britannia</span> 
     </span>
     <span class='ocr_line' id='line_1_25' title="bbox 282 3612 1871 3692; baseline 0.001 -19"><span class='ocrx_word' id='word_1_256' title='bbox 282 3616 381 3673; x_wconf 86' lang='lat' dir='ltr'>nullibi</span> <span class='ocrx_word' id='word_1_257' title='bbox 395 3616 519 3673; x_wconf 88' lang='lat' dir='ltr'>invenio.</span> <span class='ocrx_word' id='word_1_258' title='bbox 560 3616 647 3692; x_wconf 81' lang='lat' dir='ltr'>Apud</span> <span class='ocrx_word' id='word_1_259' title='bbox 659 3615 849 3684; x_wconf 84' lang='lat' dir='ltr'>Ptolomeum,</span> <span class='ocrx_word' id='word_1_260' title='bbox 860 3614 951 3671; x_wconf 83' lang='lat' dir='ltr'>altum</span> <span class='ocrx_word' id='word_1_261' title='bbox 964 3613 1134 3672; x_wconf 86' lang='lat' dir='ltr'>Silentium!</span> <span class='ocrx_word' id='word_1_262' title='bbox 1175 3615 1265 3672; x_wconf 81' lang='lat' dir='ltr'>Tscet</span> <span class='ocrx_word' id='word_1_263' title='bbox 1274 3614 1363 3672; x_wconf 83' lang='lat' dir='ltr'>etiarn</span> <span class='ocrx_word' id='word_1_264' title='bbox 1376 3616 1411 3671; x_wconf 86' lang='lat' dir='ltr'>de</span> <span class='ocrx_word' id='word_1_265' title='bbox 1421 3612 1551 3671; x_wconf 81' lang='lat' dir='ltr'>Scotisin</span> <span class='ocrx_word' id='word_1_266' title='bbox 1562 3615 1720 3685; x_wconf 81' lang='lat' dir='ltr'>Britannis,</span> <span class='ocrx_word' id='word_1_267' title='bbox 1741 3619 1871 3692; x_wconf 80' lang='lat' dir='ltr'>quamvis</span> 
     </span>
     <span class='ocr_line' id='line_1_26' title="bbox 283 3708 1870 3788; baseline 0.001 -21"><span class='ocrx_word' id='word_1_268' title='bbox 283 3721 420 3768; x_wconf 86' lang='lat' dir='ltr'>memoret</span> <span class='ocrx_word' id='word_1_269' title='bbox 443 3710 563 3768; x_wconf 77' lang='lat' dir='ltr'>Teriloe.</span> <span class='ocrx_word' id='word_1_270' title='bbox 607 3711 713 3767; x_wconf 84' lang='lat' dir='ltr'>Forsan</span> <span class='ocrx_word' id='word_1_271' title='bbox 726 3729 778 3786; x_wconf 89' lang='lat' dir='ltr'>pro</span> <span class='ocrx_word' id='word_1_272' title='bbox 801 3708 992 3784; x_wconf 67' lang='lat' dir='ltr'>tangmarus</span> <span class='ocrx_word' id='word_1_273' title='bbox 1005 3709 1212 3784; x_wconf 84' lang='lat' dir='ltr'>legendumest</span> <span class='ocrx_word' id='word_1_274' title='bbox 1226 3709 1450 3770; x_wconf 73' lang='lat' dir='ltr'>Clunbuburdine.</span> <span class='ocrx_word' id='word_1_275' title='bbox 1485 3711 1552 3771; x_wconf 80' lang='lat' dir='ltr'>vid.</span> <span class='ocrx_word' id='word_1_276' title='bbox 1567 3715 1716 3775; x_wconf 62' lang='lat' dir='ltr'>annm.</span> <span class='ocrx_word' id='word_1_277' title='bbox 1757 3712 1870 3788; x_wconf 85' lang='lat' dir='ltr'>Longo·</span> 
     </span>
     <span class='ocr_line' id='line_1_27' title="bbox 282 3804 1347 3882; baseline 0.003 -21"><span class='ocrx_word' id='word_1_278' title='bbox 282 3806 361 3862; x_wconf 81' lang='lat' dir='ltr'>bardi</span> <span class='ocrx_word' id='word_1_279' title='bbox 372 3806 471 3882; x_wconf 86' lang='lat' dir='ltr'>Anglis</span> <span class='ocrx_word' id='word_1_280' title='bbox 482 3805 594 3863; x_wconf 86' lang='lat' dir='ltr'>finitimi</span> <span class='ocrx_word' id='word_1_281' title='bbox 602 3817 684 3863; x_wconf 87' lang='lat' dir='ltr'>erant</span> <span class='ocrx_word' id='word_1_282' title='bbox 694 3807 723 3863; x_wconf 94' lang='lat' dir='ltr'>in</span> <span class='ocrx_word' id='word_1_283' title='bbox 737 3805 902 3863; x_wconf 85' lang='lat' dir='ltr'>Germania.</span> <span class='ocrx_word' id='word_1_284' title='bbox 928 3804 1080 3861; x_wconf 79' lang='lat' dir='ltr'>D&#39;Anville</span> <span class='ocrx_word' id='word_1_285' title='bbox 1089 3806 1175 3862; x_wconf 89' lang='lat' dir='ltr'>Orbis</span> <span class='ocrx_word' id='word_1_286' title='bbox 1191 3806 1347 3864; x_wconf 78' lang='lat' dir='ltr'>Romanus.</span> 
     </span>
    </p>

    <p class='ocr_par' dir='ltr' id='par_1_9' title="bbox 282 3896 1867 4159">
     <span class='ocr_line' id='line_1_28' title="bbox 284 3896 1866 3975; baseline 0.004 -21"><span class='ocrx_word' id='word_1_287' title='bbox 284 3903 327 3970; x_wconf 89' lang='lat' dir='ltr'>(t)</span> <span class='ocrx_word' id='word_1_288' title='bbox 349 3900 415 3958; x_wconf 83' lang='lat' dir='ltr'>Vid.</span> <span class='ocrx_word' id='word_1_289' title='bbox 439 3901 558 3958; x_wconf 87' lang='lat' dir='ltr'>Dissert.</span> <span class='ocrx_word' id='word_1_290' title='bbox 582 3900 665 3958; x_wconf 78' lang='lat' dir='ltr'>Prael.</span> <span class='ocrx_word' id='word_1_291' title='bbox 690 3900 766 3957; x_wconf 90' lang='lat' dir='ltr'>unde</span> <span class='ocrx_word' id='word_1_292' title='bbox 779 3909 891 3957; x_wconf 81' lang='lat' dir='ltr'>constet</span> <span class='ocrx_word' id='word_1_293' title='bbox 903 3900 933 3957; x_wconf 76' lang='lat' dir='ltr'>S.</span> <span class='ocrx_word' id='word_1_294' title='bbox 943 3896 1111 3975; x_wconf 74' lang='lat' dir='ltr'>comgellum</span> <span class='ocrx_word' id='word_1_295' title='bbox 1125 3900 1181 3957; x_wconf 88' lang='lat' dir='ltr'>hoe</span> <span class='ocrx_word' id='word_1_296' title='bbox 1193 3919 1268 3957; x_wconf 87' lang='lat' dir='ltr'>anno</span> <span class='ocrx_word' id='word_1_297' title='bbox 1282 3911 1390 3958; x_wconf 84' lang='lat' dir='ltr'>natum.</span> <span class='ocrx_word' id='word_1_298' title='bbox 1434 3901 1506 3958; x_wconf 81' lang='lat' dir='ltr'>llaec</span> <span class='ocrx_word' id='word_1_299' title='bbox 1520 3900 1616 3958; x_wconf 85' lang='lat' dir='ltr'>omnia</span> <span class='ocrx_word' id='word_1_300' title='bbox 1637 3901 1738 3958; x_wconf 88' lang='lat' dir='ltr'>desunt</span> <span class='ocrx_word' id='word_1_301' title='bbox 1750 3900 1779 3956; x_wconf 91' lang='lat' dir='ltr'>in</span> <span class='ocrx_word' id='word_1_302' title='bbox 1793 3900 1866 3960; x_wconf 79' lang='lat' dir='ltr'>cod.</span> 
     </span>
     <span class='ocr_line' id='line_1_29' title="bbox 282 3995 1867 4073; baseline 0 -22"><span class='ocrx_word' id='word_1_303' title='bbox 282 3995 474 4063; x_wconf 79' lang='lat' dir='ltr'>Clarend.49‚</span> <span class='ocrx_word' id='word_1_304' title='bbox 488 4005 516 4051; x_wconf 86' lang='lat' dir='ltr'>et</span> <span class='ocrx_word' id='word_1_305' title='bbox 535 4014 634 4053; x_wconf 88' lang='lat' dir='ltr'>eorum</span> <span class='ocrx_word' id='word_1_306' title='bbox 648 3996 713 4053; x_wconf 93' lang='lat' dir='ltr'>loco</span> <span class='ocrx_word' id='word_1_307' title='bbox 733 3996 869 4073; x_wconf 84' lang='lat' dir='ltr'>leguntur</span> <span class='ocrx_word' id='word_1_308' title='bbox 877 4013 940 4072; x_wconf 85' lang='lat' dir='ltr'>quae</span> <span class='ocrx_word' id='word_1_309' title='bbox 958 3996 991 4054; x_wconf 90' lang='lat' dir='ltr'>in</span> <span class='ocrx_word' id='word_1_310' title='bbox 1005 3995 1079 4054; x_wconf 88' lang='lat' dir='ltr'>Cod.</span> <span class='ocrx_word' id='word_1_311' title='bbox 1093 3995 1178 4053; x_wconf 84' lang='lat' dir='ltr'>Bodl.</span> <span class='ocrx_word' id='word_1_312' title='bbox 1204 3995 1345 4053; x_wconf 83' lang='lat' dir='ltr'>habentur</span> <span class='ocrx_word' id='word_1_313' title='bbox 1357 3998 1411 4054; x_wconf 89' lang='lat' dir='ltr'>sub</span> <span class='ocrx_word' id='word_1_314' title='bbox 1432 4001 1503 4054; x_wconf 76' lang='lat'><strong>523.</strong></span> <span class='ocrx_word' id='word_1_315' title='bbox 1544 3998 1656 4053; x_wconf 87' lang='lat' dir='ltr'>Desunt</span> <span class='ocrx_word' id='word_1_316' title='bbox 1678 3996 1708 4051; x_wconf 87' lang='lat' dir='ltr'>in</span> <span class='ocrx_word' id='word_1_317' title='bbox 1731 3995 1804 4051; x_wconf 70' lang='lat' dir='ltr'>cau.</span> <span class='ocrx_word' id='word_1_318' title='bbox 1815 4002 1867 4064; x_wconf 84' lang='grc'>49,</span> 
     </span>
     <span class='ocr_line' id='line_1_30' title="bbox 283 4091 560 4159; baseline 0 -11"><span class='ocrx_word' id='word_1_319' title='bbox 283 4091 349 4148; x_wconf 83' lang='lat' dir='ltr'>anni</span> <span class='ocrx_word' id='word_1_320' title='bbox 365 4096 434 4159; x_wconf 75' lang='lat'>523,</span> <span class='ocrx_word' id='word_1_321' title='bbox 449 4096 560 4148; x_wconf 62' lang='lat'>«1524.</span> 
     </span>
    </p>

    <p class='ocr_par' dir='ltr' id='par_1_10' title="bbox 280 4182 1869 4451">
     <span class='ocr_line' id='line_1_31' title="bbox 281 4182 1869 4263; baseline -0.001 -19"><span class='ocrx_word' id='word_1_322' title='bbox 281 4188 325 4257; x_wconf 72' lang='lat'>(2)</span> <span class='ocrx_word' id='word_1_323' title='bbox 346 4186 380 4242; x_wconf 91' lang='lat' dir='ltr'>ln</span> <span class='ocrx_word' id='word_1_324' title='bbox 403 4182 557 4242; x_wconf 82' lang='lat' dir='ltr'>Codicibus</span> <span class='ocrx_word' id='word_1_325' title='bbox 577 4183 712 4242; x_wconf 77' lang='lat' dir='ltr'>Cbrend.</span> <span class='ocrx_word' id='word_1_326' title='bbox 724 4190 775 4252; x_wconf 90' lang='grc'>49,</span> <span class='ocrx_word' id='word_1_327' title='bbox 789 4195 820 4242; x_wconf 90' lang='lat' dir='ltr'>et</span> <span class='ocrx_word' id='word_1_328' title='bbox 832 4191 883 4254; x_wconf 71' lang='lat'>42,</span> <span class='ocrx_word' id='word_1_329' title='bbox 906 4183 1092 4244; x_wconf 72' lang='lat' dir='ltr'>“Secundum</span> <span class='ocrx_word' id='word_1_330' title='bbox 1106 4184 1262 4262; x_wconf 79' lang='lat' dir='ltr'>quosdam.”</span> <span class='ocrx_word' id='word_1_331' title='bbox 1304 4185 1349 4241; x_wconf 91' lang='lat' dir='ltr'>De</span> <span class='ocrx_word' id='word_1_332' title='bbox 1368 4183 1477 4240; x_wconf 90' lang='lat' dir='ltr'>Canico</span> <span class='ocrx_word' id='word_1_333' title='bbox 1491 4184 1613 4254; x_wconf 79' lang='lat' dir='ltr'>Abbate,</span> <span class='ocrx_word' id='word_1_334' title='bbox 1628 4183 1711 4258; x_wconf 79' lang='lat' dir='ltr'>vulgo</span> <span class='ocrx_word' id='word_1_335' title='bbox 1725 4184 1869 4263; x_wconf 81' lang='lat' dir='ltr'>S.Kenny</span> 
     </span>
     <span class='ocr_line' id='line_1_32' title="bbox 280 4278 1865 4357; baseline 0.001 -21"><span class='ocrx_word' id='word_1_336' title='bbox 280 4300 300 4336; x_wconf 86' lang='lat' dir='ltr'>a</span> <span class='ocrx_word' id='word_1_337' title='bbox 314 4301 370 4357; x_wconf 88' lang='lat' dir='ltr'>quo</span> <span class='ocrx_word' id='word_1_338' title='bbox 381 4281 538 4357; x_wconf 84' lang='lat' dir='ltr'>Kilkenny,</span> <span class='ocrx_word' id='word_1_339' title='bbox 549 4279 606 4340; x_wconf 89' lang='lat' dir='ltr'>vid.</span> <span class='ocrx_word' id='word_1_340' title='bbox 619 4280 743 4336; x_wconf 83' lang='lat' dir='ltr'>Adamn.</span> <span class='ocrx_word' id='word_1_341' title='bbox 758 4278 795 4336; x_wconf 86' lang='lat' dir='ltr'>de</span> <span class='ocrx_word' id='word_1_342' title='bbox 809 4279 858 4336; x_wconf 85' lang='lat' dir='ltr'>vit.</span> <span class='ocrx_word' id='word_1_343' title='bbox 873 4279 937 4337; x_wconf 88' lang='lat' dir='ltr'>Col.</span> <span class='ocrx_word' id='word_1_344' title='bbox 951 4281 1007 4350; x_wconf 81' lang='lat' dir='ltr'>ll,</span> <span class='ocrx_word' id='word_1_345' title='bbox 1021 4289 1087 4350; x_wconf 79' lang='lat' dir='ltr'>c.4,</span> <span class='ocrx_word' id='word_1_346' title='bbox 1109 4282 1129 4338; x_wconf 85' lang='lat' dir='ltr'>l.</span> <span class='ocrx_word' id='word_1_347' title='bbox 1141 4287 1170 4345; x_wconf 85' lang='grc'>3,</span> <span class='ocrx_word' id='word_1_348' title='bbox 1182 4298 1209 4337; x_wconf 92' lang='lat' dir='ltr'>c.</span> <span class='ocrx_word' id='word_1_349' title='bbox 1221 4286 1278 4348; x_wconf 75' lang='lat'>213</span> <span class='ocrx_word' id='word_1_350' title='bbox 1295 4292 1324 4336; x_wconf 85' lang='lat' dir='ltr'>et</span> <span class='ocrx_word' id='word_1_351' title='bbox 1341 4278 1469 4335; x_wconf 86' lang='lat' dir='ltr'>Glossar.</span> <span class='ocrx_word' id='word_1_352' title='bbox 1484 4288 1593 4354; x_wconf 84' lang='lat' dir='ltr'>topogr.</span> <span class='ocrx_word' id='word_1_353' title='bbox 1609 4297 1678 4336; x_wconf 86' lang='lat' dir='ltr'>vooe</span> <span class='ocrx_word' id='word_1_354' title='bbox 1694 4278 1865 4339; x_wconf 67' lang='lat' dir='ltr'>Aemula-to.</span> 
     </span>
     <span class='ocr_line' id='line_1_33' title="bbox 283 4372 1458 4451; baseline -0.003 -17"><span class='ocrx_word' id='word_1_355' title='bbox 283 4377 353 4451; x_wconf 87' lang='lat' dir='ltr'>Ejus</span> <span class='ocrx_word' id='word_1_356' title='bbox 368 4390 462 4435; x_wconf 90' lang='lat' dir='ltr'>ortum</span> <span class='ocrx_word' id='word_1_357' title='bbox 477 4375 504 4433; x_wconf 90' lang='lat' dir='ltr'>bi</span> <span class='ocrx_word' id='word_1_358' title='bbox 519 4374 647 4432; x_wconf 78' lang='lat' dir='ltr'>Annales</span> <span class='ocrx_word' id='word_1_359' title='bbox 662 4374 769 4431; x_wconf 87' lang='lat' dir='ltr'>rectius</span> <span class='ocrx_word' id='word_1_360' title='bbox 779 4372 906 4431; x_wconf 76' lang='lat' dir='ltr'>referunt</span> <span class='ocrx_word' id='word_1_361' title='bbox 915 4376 951 4432; x_wconf 86' lang='lat' dir='ltr'>ad</span> <span class='ocrx_word' id='word_1_362' title='bbox 963 4394 1030 4433; x_wconf 84' lang='lat' dir='ltr'>ann.</span> <span class='ocrx_word' id='word_1_363' title='bbox 1047 4380 1116 4445; x_wconf 73' lang='lat'>527,</span> <span class='ocrx_word' id='word_1_364' title='bbox 1130 4376 1239 4433; x_wconf 90' lang='lat' dir='ltr'>obitum</span> <span class='ocrx_word' id='word_1_365' title='bbox 1255 4375 1290 4432; x_wconf 82' lang='lat' dir='ltr'>ml</span> <span class='ocrx_word' id='word_1_366' title='bbox 1306 4392 1375 4432; x_wconf 84' lang='lat' dir='ltr'>ann.</span> <span class='ocrx_word' id='word_1_367' title='bbox 1389 4378 1458 4440; x_wconf 83' lang='lat'><em>599.</em></span> 
     </span>
    </p>

    <p class='ocr_par' dir='ltr' id='par_1_11' title="bbox 280 4467 1872 4838">
     <span class='ocr_line' id='line_1_34' title="bbox 281 4467 1868 4551; baseline -0.002 -22"><span class='ocrx_word' id='word_1_368' title='bbox 281 4475 324 4551; x_wconf 73' lang='grc'>(3)</span> <span class='ocrx_word' id='word_1_369' title='bbox 343 4470 463 4540; x_wconf 86' lang='lat' dir='ltr'>Omnes,</span> <span class='ocrx_word' id='word_1_370' title='bbox 471 4489 531 4530; x_wconf 87' lang='lat' dir='ltr'>uno</span> <span class='ocrx_word' id='word_1_371' title='bbox 541 4489 600 4536; x_wconf 84' lang='lat' dir='ltr'>ore,</span> <span class='ocrx_word' id='word_1_372' title='bbox 611 4470 737 4528; x_wconf 77' lang='lat' dir='ltr'>referunt</span> <span class='ocrx_word' id='word_1_373' title='bbox 749 4470 860 4528; x_wconf 89' lang='lat' dir='ltr'>obitum</span> <span class='ocrx_word' id='word_1_374' title='bbox 872 4469 903 4525; x_wconf 86' lang='lat' dir='ltr'>S·</span> <span class='ocrx_word' id='word_1_375' title='bbox 914 4469 1035 4546; x_wconf 81' lang='lat' dir='ltr'>Brigidae</span> <span class='ocrx_word' id='word_1_376' title='bbox 1047 4471 1084 4528; x_wconf 86' lang='lat' dir='ltr'>ad</span> <span class='ocrx_word' id='word_1_377' title='bbox 1098 4489 1163 4528; x_wconf 81' lang='lat' dir='ltr'>sun.</span> <span class='ocrx_word' id='word_1_378' title='bbox 1176 4490 1237 4529; x_wconf 80' lang='lat' dir='ltr'>xxx</span> <span class='ocrx_word' id='word_1_379' title='bbox 1258 4484 1323 4547; x_wconf 83' lang='lat' dir='ltr'>post</span> <span class='ocrx_word' id='word_1_380' title='bbox 1339 4486 1490 4527; x_wconf 81' lang='lat' dir='ltr'>excessum</span> <span class='ocrx_word' id='word_1_381' title='bbox 1504 4467 1536 4527; x_wconf 87' lang='lat' dir='ltr'>S.</span> <span class='ocrx_word' id='word_1_382' title='bbox 1550 4467 1677 4537; x_wconf 85' lang='lat' dir='ltr'>Patricii,</span> <span class='ocrx_word' id='word_1_383' title='bbox 1691 4469 1741 4526; x_wconf 87' lang='lat' dir='ltr'>etsi</span> <span class='ocrx_word' id='word_1_384' title='bbox 1754 4469 1782 4525; x_wconf 91' lang='lat' dir='ltr'>in</span> <span class='ocrx_word' id='word_1_385' title='bbox 1792 4487 1868 4526; x_wconf 77' lang='lat' dir='ltr'>anno</span> 
     </span>
     <span class='ocr_line' id='line_1_35' title="bbox 281 4564 1872 4642; baseline -0.001 -20"><span class='ocrx_word' id='word_1_386' title='bbox 281 4567 515 4624; x_wconf 81' lang='lat' dir='ltr'>aeraecommunis</span> <span class='ocrx_word' id='word_1_387' title='bbox 536 4565 712 4626; x_wconf 81' lang='lat' dir='ltr'>dissentient.</span> <span class='ocrx_word' id='word_1_388' title='bbox 756 4566 904 4625; x_wconf 81' lang='lat' dir='ltr'>Marianus</span> <span class='ocrx_word' id='word_1_389' title='bbox 927 4566 1030 4625; x_wconf 85' lang='lat' dir='ltr'>Scotus</span> <span class='ocrx_word' id='word_1_390' title='bbox 1051 4569 1160 4624; x_wconf 90' lang='lat' dir='ltr'>obitum</span> <span class='ocrx_word' id='word_1_391' title='bbox 1184 4567 1214 4624; x_wconf 85' lang='lat' dir='ltr'>S.</span> <span class='ocrx_word' id='word_1_392' title='bbox 1225 4565 1343 4626; x_wconf 89' lang='lat' dir='ltr'>Patricii</span> <span class='ocrx_word' id='word_1_393' title='bbox 1359 4564 1605 4623; x_wconf 81' lang='lat' dir='ltr'>referensednnn.</span> <span class='ocrx_word' id='word_1_394' title='bbox 1621 4571 1691 4632; x_wconf 91' lang='grc'><strong>491,</strong></span> <span class='ocrx_word' id='word_1_395' title='bbox 1702 4574 1764 4637; x_wconf 83' lang='lat' dir='ltr'>post</span> <span class='ocrx_word' id='word_1_396' title='bbox 1777 4580 1872 4642; x_wconf 59' lang='lat' dir='ltr'>annos⁸</span> 
     </span>
     <span class='ocr_line' id='line_1_36' title="bbox 283 4654 1872 4740; baseline -0.003 -19"><span class='ocrx_word' id='word_1_397' title='bbox 283 4681 355 4731; x_wconf 69' lang='lat' dir='ltr'>ress,</span> <span class='ocrx_word' id='word_1_398' title='bbox 379 4681 527 4720; x_wconf 86' lang='lat' dir='ltr'>excessum</span> <span class='ocrx_word' id='word_1_399' title='bbox 548 4663 578 4722; x_wconf 85' lang='lat' dir='ltr'>S.</span> <span class='ocrx_word' id='word_1_400' title='bbox 593 4662 706 4738; x_wconf 86' lang='lat' dir='ltr'>Brigide</span> <span class='ocrx_word' id='word_1_401' title='bbox 730 4675 878 4720; x_wconf 84' lang='lat' dir='ltr'>memorat.</span> <span class='ocrx_word' id='word_1_402' title='bbox 920 4663 988 4721; x_wconf 85' lang='lat' dir='ltr'>vid.</span> <span class='ocrx_word' id='word_1_403' title='bbox 1004 4664 1129 4721; x_wconf 85' lang='lat' dir='ltr'>Mariani</span> <span class='ocrx_word' id='word_1_404' title='bbox 1144 4663 1289 4740; x_wconf 82' lang='lat' dir='ltr'>Exoerpta</span> <span class='ocrx_word' id='word_1_405' title='bbox 1309 4680 1346 4719; x_wconf 85' lang='lat' dir='ltr'>ex</span> <span class='ocrx_word' id='word_1_406' title='bbox 1363 4661 1434 4717; x_wconf 74' lang='lat' dir='ltr'>Con</span> <span class='ocrx_word' id='word_1_407' title='bbox 1448 4659 1677 4737; x_wconf 78' lang='lat' dir='ltr'>prasmntissirno</span> <span class='ocrx_word' id='word_1_408' title='bbox 1698 4654 1872 4733; x_wconf 76' lang='lat' dir='ltr'>cottoniano,</span> 
     </span>
     <span class='ocr_line' id='line_1_37' title="bbox 280 4755 1687 4838; baseline -0.001 -25"><span class='ocrx_word' id='word_1_409' title='bbox 280 4755 361 4814; x_wconf 79' lang='lat' dir='ltr'>Nero</span> <span class='ocrx_word' id='word_1_410' title='bbox 374 4776 401 4816; x_wconf 90' lang='lat' dir='ltr'>c.</span> <span class='ocrx_word' id='word_1_411' title='bbox 410 4778 435 4816; x_wconf 79' lang='lat' dir='ltr'>v.</span> <span class='ocrx_word' id='word_1_412' title='bbox 447 4759 476 4816; x_wconf 92' lang='lat' dir='ltr'>in</span> <span class='ocrx_word' id='word_1_413' title='bbox 490 4757 655 4837; x_wconf 82' lang='lat' dir='ltr'>Appendice</span> <span class='ocrx_word' id='word_1_414' title='bbox 670 4758 726 4817; x_wconf 89' lang='lat' dir='ltr'>No.</span> <span class='ocrx_word' id='word_1_415' title='bbox 741 4758 897 4838; x_wconf 86' lang='lat' dir='ltr'>l.-Atqui</span> <span class='ocrx_word' id='word_1_416' title='bbox 907 4758 1046 4819; x_wconf 79' lang='lat' dir='ltr'>Patricius</span> <span class='ocrx_word' id='word_1_417' title='bbox 1060 4759 1132 4820; x_wconf 86' lang='lat' dir='ltr'>obiit</span> <span class='ocrx_word' id='word_1_418' title='bbox 1146 4777 1224 4818; x_wconf 84' lang='lat' dir='ltr'>auno</span> <span class='ocrx_word' id='word_1_419' title='bbox 1241 4764 1311 4830; x_wconf 82' lang='grc'><strong>493,</strong></span> <span class='ocrx_word' id='word_1_420' title='bbox 1322 4774 1388 4834; x_wconf 78' lang='lat' dir='ltr'>ergo</span> <span class='ocrx_word' id='word_1_421' title='bbox 1399 4755 1513 4832; x_wconf 79' lang='lat' dir='ltr'>Brigidu</span> <span class='ocrx_word' id='word_1_422' title='bbox 1525 4770 1600 4810; x_wconf 85' lang='lat' dir='ltr'>anno</span> <span class='ocrx_word' id='word_1_423' title='bbox 1616 4755 1687 4812; x_wconf 79' lang='lat'><strong><em>523.</em></strong></span> 
     </span>
    </p>
   </div>
   <div class='ocr_carea' id='block_1_5' title="bbox 0 0 2228 6000">
    <p class='ocr_par' dir='ltr' id='par_1_12' title="bbox 0 0 2228 6000">
     <span class='ocr_line' id='line_1_38' title="bbox 0 0 2228 6000; baseline 0 2"><span class='ocrx_word' id='word_1_424' title='bbox 0 0 2228 6000; x_wconf 95' lang='lat' dir='ltr'> </span> 
     </span>
    </p>
   </div>
  </div>
 </body>
</html>
