4446 6000
774 569 1036 638 anninus
1066 549 1467 642 onroumusas.
1837 549 1905 657 57

335 752 405 831 aa
431 748 541 837 wilt
556 756 594 829 t.
638 749 721 825 Kal.
738 749 1035 826 Jan.v.fer.1un.
1053 777 1118 828 xx.
1172 751 1277 827 Mors
1294 753 1413 828 Ailla.
1429 749 1643 828 Flor'aaearo
1674 752 1740 827 filii
1766 749 1926 828 Damio·

334 879 439 966 aaill,
459 874 525 950 filii
540 876 650 965 Arda,
670 874 738 948 filii
758 875 939 950 Aiarnire.
992 875 1189 950 Maelcoclr
1206 875 1444 951 mcScoanail
1460 877 1497 948 di
1518 874 1691 949 Craritaib
1715 876 1776 973 [de
1787 875 1907 952 Pictis

334 997 539 1093 Hibernia]
553 1009 592 1072 et
620 999 819 1072 Maaldaia
837 997 934 1071 lilius
950 996 1097 1071 R....oil
1122 1023 1188 1072 rex
1206 1000 1351 1096 generis
1367 997 1518 1096 Coirpri
1550 997 1732 1072 obierunt.
1787 999 1903 1075 Eoclr.

328 1120 477 1198 Jarlait
495 1145 571 1231 ‚rex
588 1122 747 1198 Craitrre
761 1120 967 1216 [Pictorum
987 1120 1191 1213 Hiberniae]
1220 1122 1387 1195 moritur.
1422 1122 1683 1196 Dubiiareclrt
1699 1147 1777 1198 mac
1793 1123 1907 1199 Dua«

331 1242 399 1319 cira
415 1243 498 1317 Rex
513 1244 570 1319 Hi
579 1244 762 1318 mbraiaoi
778 1243 942 1316 moritur.
996 1243 1101 1317 Mors
1120 1243 1289 1319 Ceallaclr
1307 1268 1384 1318 raac
1398 1242 1554 1318 Gaaire.
1592 1245 1664 1319 Vel
1677 1243 1740 1318 hic
1763 1242 1907 1324 Gaaire

330 1367 452 1443 Aidae
468 1369 565 1464 [lege
583 1366 705 1458 obiit]
724 1365 783 1461 (l)

330 1487 593 1571 ammittit.
622 1487 703 1560 Kal.
716 1487 801 1560 Jan.
821 1486 868 1559 vi.
884 1485 949 1560 fer.
964 1487 1039 1559 lun.
1054 1487 1078 1561 i.
1132 1485 1342 1561 Mortalitas
1361 1489 1399 1562 in
1420 1485 1611 1564 Hibernia
1651 1492 1794 1567 Bellum
1818 1493 1902 1569 Aac

329 1612 373 1685 it.
408 1611 536 1684 Arado
551 1633 636 1682 acar
653 1610 746 1682 Haa
764 1608 939 1703 Fidgerrti
972 1608 1157 1703 [Praelium
1175 1611 1344 1684 Aneense
1363 1611 1458 1683 inter
1473 1610 1691 1686 Dalaradios
1708 1626 1746 1686 et
1760 1613 1902 1690 incolas

331 1733 492 1832 regionis
508 1732 730 1831 Fidgentiae]
754 1731 819 1804 ubi
837 1730 976 1805 cecidit
993 1731 1128 1830 Eirgea
1151 1731 1249 1805 filius
1281 1732 1514 1807 Craaamocl.
1548 1733 1713 1809 Ceornac
1729 1734 1835 1811 Sotol
1848 1761 1903 1814 mc

331 1856 532 1929 Diorrnoto
550 1855 705 1951 quievit.
973 1862 976 1869 '

328 1981 396 2058 flu.
424 1977 484 2056 ffit
500 1982 536 2062 lt
550 1979 615 2056 att
668 1977 880 2053 Mortalitas
898 2001 1035 2078 magua
1049 1978 1341 2054 buidlreCanaill.
1366 1978 1425 2076 (2)
1453 1979 1563 2074 [flava
1583 1980 1694 2077 pestis
1712 1981 1905 2076 ulcerata]

328 2102 469 2177 Bellum
489 2103 621 2193 Fertri,
649 2103 745 2177 inter
775 2104 870 2177 Uita
887 2117 926 2177 et
941 2102 1107 2191 Craitne,
1128 2103 1193 2176 ubi
1209 2103 1347 2177 cecidit
1365 2103 1525 2181 Cotrraac
1540 2128 1618 2178 mac
1648 2105 1907 2203 Larggeia.—-

328 2223 536 2323 Navigatio
555 2227 772 2302 Columborrr'
790 2225 871 2324 Epi.
893 2223 954 2322 (3)
977 2251 1063 2299 cum
1082 2225 1230 2321 reliquis
1246 2225 1386 2299 Scotor.
1407 2226 1452 2300 ad
1467 2226 1626 2300 insulam
1648 2229 1900 2321 Vacce.Albe,

332 2347 459 2441 [Innio
476 2348 639 2446 basiam]
666 2349 705 2423 in
723 2374 798 2446 qua
813 2348 988 2422 fundavit
1002 2347 1216 2435 Ecclesiam,
1245 2359 1283 2419 et
1310 2347 1506 2445 navigatio
1536 2349 1694 2423 filiorum
1712 2349 1909 2429 Gortrroial

325 2469 374 2543 ad
393 2470 611 2545 Hiberniam
629 2496 713 2550 cum
725 2472 832 2571 plebe
847 2470 964 2546 Serti.
990 2469 1048 2564 (4)
1074 2470 1219 2567 Pergus
1235 2493 1313 2544 mac
1326 2470 1513 2544 Marcado
1530 2484 1699 2544 mortuus
1713 2485 1778 2545 est.
1831 2473 1905 2548 Vel

326 2593 399 2684 hic,
419 2596 623 2686 Diarmait,
659 2609 697 2670 et
732 2597 964 2687 Blaitlamaic,
988 2608 1026 2670 et
1043 2593 1157 2675 Fecia
1182 2592 1320 2670 mortui
1338 2605 1438 2681 sunt,
1473 2593 1510 2668 ‘i’
1533 2594 1576 2668 do
1604 2595 1708 2674 laide
1739 2596 1897 2675 Coaaill.

324 2718 364 2814 [i.
377 2742 407 2793 e.
426 2719 486 2793 De
497 2732 598 2817 peste
617 2717 741 2812 flava]

322 3035 446 3113 rapiens,
456 3035 584 3095 celebres
598 3036 676 3094 sucro
689 3034 855 3111 interhujus
869 3034 972 3094 Saeculi
983 3035 1123 3093 Doctores
1134 3033 1290 3113 Hiberniae.
1311 3034 1338 3090 A
1353 3033 1590 3094 Pechinonomen
1603 3039 1754 3116 assumpsit
1767 3037 1901 3098 Teormoa

322 3131 434 3199 Feclin,
461 3132 709 3210 [lemimmunir
727 3129 866 3208 Fet-hini]
911 3131 1074 3190 Manerium
1098 3129 1351 3207 Archiepiscopale
1371 3130 1614 3202 Ardmachanum,
1636 3132 1723 3191 hodie
1746 3137 1765 3166 “
1782 3133 1905 3193 Faichiu

324 3227 464 3286 Fobhuir”
487 3247 539 3287 reu
558 3228 669 3306 asylum
684 3228 713 3288 S.
728 3227 844 3286 Pechini
858 3225 976 3296 Forrrioe,
997 3226 1026 3283 in
1038 3227 1132 3285 Midia
1144 3226 1288 3284 orientali.
1320 3225 1493 3302 Appellatur
1514 3226 1602 3286 etiam
1621 3230 1641 3261 ‘⁴
1652 3226 1743 3285 Boille
1753 3226 1907 3286 leudlair''⁴

324 3321 488 3394 Hibernice,
497 3323 578 3401 quari
591 3321 709 3381 Kiriath
723 3321 827 3398 Sepder
840 3321 994 3392 Hebraice,
1012 3321 1031 3379 i.
1041 3341 1067 3381 a.
1077 3323 1153 3380 Urbs
1172 3320 1488 3379 librorum—Ailarani
1509 3331 1590 3379 extat
1603 3323 1695 3399 Onus,
1709 3321 1851 3379 Hebraico
1865 3334 1895 3381 rt

321 3416 424 3477 Groecu
435 3419 595 3479 eruditione
605 3420 791 3487 laudandum,
804 3422 824 3452 “
839 3417 955 3494 Typicar
967 3437 1000 3475 oc
1015 3417 1212 3494 Tropoiogicar
1226 3416 1403 3492 Genealogioe
1418 3414 1525 3473 Clrirti
1537 3414 1692 3475 intellector
1704 3436 1781 3493 quera
1796 3416 1827 3478 S.
1837 3419 1909 3474 Aila

320 3517 341 3550 ‘⁴
356 3535 455 3572 eronus
469 3515 613 3574 Scotorum
627 3515 842 3591 sapientissimas
854 3514 994 3590 raparuit''
1017 3513 1047 3570 in
1059 3513 1166 3571 Sedulii
1185 3512 1307 3586 junioris
1320 3512 1506 3570 Collectanco
1520 3512 1549 3570 in
1564 3509 1736 3571 Marthaeum
1751 3512 1899 3584 insertum,

320 3621 406 3688 utque
424 3611 584 3669 editumax
604 3611 712 3671 Codice
735 3613 857 3670 Vetusto
880 3610 1048 3668 Monastcrii
1071 3609 1103 3667 S.
1117 3608 1196 3666 Galli
1209 3611 1238 3666 in
1257 3607 1401 3677 Helvetia,
1424 3627 1475 3684 por
1504 3606 1631 3665 Tiamaa
1647 3607 1779 3666 Sirinurn.
1822 3608 1898 3666 Vide

319 3704 505 3765 collectanea
518 3707 607 3766 Sacra
616 3708 693 3765 edita
706 3707 823 3765 lovanii
838 3725 903 3764 ann.
919 3702 1005 3775 1667,
1020 3724 1083 3783 pag.
1100 3711 1166 3768 182.

318 3803 367 3876 (l)
390 3803 462 3859 Haec
476 3803 610 3861 mendose
623 3802 754 3878 leguntur
765 3803 795 3860 in
804 3802 875 3859 Cod.
886 3801 1018 3858 Clarend.
1031 3801 1104 3870 xlix,
1129 3800 1172 3857 his
1186 3798 1276 3857 verbis
1305 3803 1325 3832 ‘¹
1337 3796 1482 3855 Maeldain
1503 3797 1579 3853 Eoolt
1593 3795 1702 3853 Jarlait
1713 3815 1763 3854 rex
1777 3794 1895 3856 Craiine

318 3901 338 3932 ‘¹
353 3897 483 3956 moritur.
494 3894 653 3954 Davinrecd
665 3916 707 3953 mc
722 3895 841 3953 Daaclra
856 3916 909 3953 rex
923 3895 1045 3957 O’Brt'arr
1060 3908 1188 3953 mortuus
1201 3905 1253 3952 est.
1297 3893 1379 3951 lllom
1402 3893 1471 3950 ccli.
1484 3909 1525 3948 arc
1539 3891 1746 3949 Gaaire’i-IV
1757 3891 1898 3966 Magistri

316 3993 353 4050 ad
377 4011 443 4050 ann.
455 3987 525 4060 665,
548 3991 680 4068 inquiunt
705 3996 725 4026 ⁴‘
739 3988 927 4048 Mani-coaicl
946 4009 988 4047 mc
1010 3990 1143 4050 Scaadail
1159 3989 1277 4048 toiaeacl
1292 3987 1425 4044 Cruritine
1443 3988 1478 4044 do
1497 3985 1596 4044 rliaclrt
1619 3985 1655 4042 Ir
1672 3985 1744 4044 decc.
1768 3985 1896 4043 Eacioid

316 4075 337 4124 ‘⁸‘
351 4086 476 4146 Jurloitd
490 4087 517 4144 ri
529 4085 799 4144 Cruitaeleordecc.
815 4083 991 4162 Catlrfcirtsi
1004 4095 1042 4144 et.
1065 4084 1136 4142 Utro
1155 4104 1226 4161 agur
1239 4082 1373 4140 Craitlae
1396 4081 1433 4137 da
1460 4082 1487 4138 ia
1511 4100 1543 4136 ro
1562 4080 1655 4135 murila
1676 4078 1830 4138 coarmari
1853 4101 1898 4151 arc

316 4188 337 4217 “
356 4183 510 4243 Lairciae.”
552 4182 722 4260 [Maolcuclr
744 4181 818 4239 lilius
844 4181 998 4249 scandali,
1018 4182 1089 4238 Dux
1111 4179 1257 4238 Pictorum
1271 4180 1307 4234 dc
1327 4176 1459 4251 progenie
1475 4175 1522 4231 lrii
1547 4175 1627 4232 obiit.
1670 4176 1788 4233 Eoclrad
1802 4177 1895 4247 Jarlat

317 4279 380 4357 Rex
394 4280 539 4340 Pictorum
555 4279 660 4356 pariter
673 4278 753 4335 obiit.
795 4275 928 4335 Praelium
950 4274 1057 4344 Fertsii,
1077 4274 1161 4332 hodie
1178 4273 1298 4348 Bryost,
1319 4271 1394 4328 inter
1408 4271 1589 4330 Ultoniensm
1609 4281 1639 4328 et
1661 4272 1766 4344 Pictos,
1787 4272 1894 4350 inquo

316 4375 426 4433 occisus
457 4387 500 4433 est
526 4374 691 4432 Cathusach
711 4374 785 4430 filius
807 4370 961 4447 Larcinei.]

317 4472 364 4543 (2)
382 4472 457 4529 Vide
470 4489 556 4548 supra
567 4466 712 4530 annom.
727 4487 790 4526 aerae
804 4464 957 4527 comddl.
988 4465 1153 4524 Pestilentia
1170 4462 1231 4521 lraec
1250 4460 1362 4521 duravit
1382 4451 1512 4540 pluiibus
1535 4463 1625 4520 annis.
1668 4463 1813 4522 Adamana
1826 4461 1845 4518 l.
1859 4468 1888 4532 t‘,

314 4582 343 4626 c.
357 4561 406 4623 46.
421 4565 556 4626 in'l'riad.
570 4586 597 4643 p.
609 4561 680 4624 363.
722 4565 764 4624 lv
777 4563 918 4641 Magistri
932 4564 968 4621 ad
982 4557 1053 4632 663,
1066 4555 1137 4617 666.

316 4662 362 4732 (3)
383 4661 415 4718 ln
429 4662 562 4735 margine,
575 4680 627 4736 pro
640 4660 810 4719 Columbini
824 4659 936 4717 invenio
952 4663 972 4692 “
987 4655 1158 4728 Colmonai,’'
1172 4666 1201 4714 et
1215 4665 1301 4714 recte.
1341 4653 1425 4712 vide.
1436 4653 1508 4711 Bed.
1522 4653 1542 4710 l.
1558 4659 1587 4720 3,
1599 4672 1625 4714 c.
1640 4647 1691 4711 26.
1701 4651 1720 4708 l.
1731 4658 1760 4717 4,
1772 4669 1798 4707 c.
1812 4658 1842 4721 4,
1858 4658 1888 4710 et

313 4754 437 4813 Dissert.
450 4754 567 4813 l'roelr‘m.
582 4757 678 4815 uiride
691 4753 968 4830 Literarumorigina
982 4755 1056 4812 inter
1067 4756 1203 4813 Saxones.
1242 4751 1347 4809 Confer
1357 4752 1444 4810 etiam
1458 4752 1554 4807 notam
1564 4747 1600 4804 ad
1614 4764 1680 4803 ann.
1695 4740 1764 4804 663.
1804 4744 1889 4814 Errat

314 4848 444 4912 Uaceriur
456 4849 487 4907 in
507 4867 592 4908 anno.
633 4851 707 4908 Vide
719 4851 857 4909 Primord.
869 4869 897 4926 p.
912 4845 998 4913 1164.
1018 4869 1084 4909 ann.
1098 4846 1169 4911 665.

312 4947 361 5022 (⁴)
382 4944 487 5019 Quaera
499 4953 595 5004 utrum
608 4963 661 5024 pro
673 4948 693 4978 ‘⁴
708 4944 813 5004 Scetlr”
826 4944 917 5017 Scala,
930 4947 982 5004 ie.
998 4944 1123 5016 Sc'otica,
1137 4941 1325 5022 legendarii?

987 5037 1001 5088 1
