4446 6000
331 494 430 590 182
703 519 1142 588 anuoraurouss
1185 518 1259 585 An
1300 519 1420 585 suo.
1445 522 1578 587 vm.

324 704 479 780 discipulus
501 705 654 772 Eustasius,
679 704 760 780 Opus
784 703 971 779 deperditum,
991 710 1021 758 et
1034 700 1207 770 deflendum,
1222 720 1239 758 e
1252 721 1310 778 quo
1320 701 1407 759 Jonas
1421 703 1503 780 plura
1516 703 1806 781 desumpsit-Obiit
1823 729 1902 773 anno

324 810 414 867 aetatis
428 815 478 879 95,
491 810 576 885 idque
590 809 695 875 bobis,
720 808 778 878 ubi,
802 815 921 865 curante
935 807 1011 879 Rege
1024 803 1211 880 Liutprando,
1233 806 1357 880 sepultus
1371 805 1434 864 fuit.
1485 806 1626 883 Reliquiae
1649 810 1678 865 in
1692 812 1771 869 Arca
1784 812 1900 891 lapidea

322 926 508 985 asservantur,
521 935 606 993 super
619 914 718 973 Altare
731 917 907 991 praecipnum
921 911 1035 986 Cryptae
1049 911 1246 976 subterraneae,
1261 911 1319 976 cui,
1333 911 1367 966 ad
1383 911 1523 967 sinistram
1548 931 1615 980 arae,
1639 916 1717 971 Arca
1737 915 1805 974 item
1824 918 1900 995 lapi·

324 1019 380 1077 dea
391 1020 524 1089 adheret,
535 1020 681 1077 continens
696 1017 842 1092 Reliquias
856 1011 1019 1071 venerabilis
1033 1011 1086 1087 Epi
1103 1010 1222 1068 Hiberni
1236 1008 1396 1081 Cumntiani,
1418 1017 1484 1071 cum
1498 1015 1662 1090 Epitaphio,
1675 1020 1751 1092 quod
1766 1021 1897 1079 tumbam

324 1124 405 1181 istam
417 1123 582 1200 Liutprandi
592 1124 676 1197 jussu
690 1122 856 1179 fabricatam
871 1119 955 1175 fuisse
967 1126 1096 1174 testatur.
1107 1117 1152 1188 (1)
1178 1113 1306 1181 Quidam
1319 1118 1488 1175 recentiores
1502 1119 1634 1188 Hiberni,
1649 1121 1831 1182 Mausoleum
1844 1126 1899 1184 viri

322 1246 395 1284 vana
414 1228 534 1284 scientia
559 1227 660 1295 inflati,
691 1233 721 1282 et
741 1224 819 1281 nulla
843 1220 1000 1280 eruditione
1028 1218 1184 1295 conspicui,
1213 1219 1319 1276 visendi
1339 1220 1479 1279 desiderio
1511 1223 1657 1283 anhelant.
1698 1225 1774 1285 Proh
1791 1229 1900 1304 pudor!

323 1331 433 1389 Vetusti
445 1331 537 1388 Patris
549 1329 718 1388 Columbani
730 1346 786 1384 non
796 1327 886 1383 solum
899 1324 1084 1402 sepulchrum
1095 1324 1211 1393 humile,
1225 1326 1274 1380 sed
1285 1335 1314 1380 et
1322 1326 1407 1394 Acta,
1421 1336 1450 1383 et
1462 1345 1575 1397 nomen,
1588 1329 1688 1385 Doctis
1701 1331 1899 1406 ubiquerrene·

322 1438 452 1504 randum,
466 1436 608 1493 Hibernia
625 1432 854 1510 gloriosissimum
876 1430 1286 1508 ignorantl-—Privilegium
1301 1429 1529 1488 Luxoviensibus
1542 1450 1560 1488 a
1572 1431 1704 1489 iohanne
1712 1433 1766 1503 IV,
1778 1446 1897 1511 rogante

323 1539 488 1597 Clrlodoveo
498 1538 522 1610 l,
537 1557 713 1607 concessum,
738 1557 774 1594 ex
790 1534 956 1593 Monnstcrii
982 1535 1132 1591 Dervensis
1146 1532 1298 1601 chartario,
1320 1545 1387 1588 ante
1406 1552 1496 1590 annos
1510 1530 1570 1591 600
1584 1536 1703 1611 scripto,
1727 1537 1818 1596 edidit
1832 1538 1899 1597 Ma·

320 1642 450 1700 billonius
473 1643 501 1699 in
522 1641 676 1700 Annalium
692 1641 872 1708 1.13,1ι.12,
887 1648 917 1697 et
936 1639 1069 1714 integrius
1083 1638 1112 1694 in
1127 1637 1293 1712 Appendice
1305 1632 1375 1714 689.
1410 1638 1644 1713 Vulgatissimum
1657 1648 1700 1697 est
1723 1642 1753 1699 in
1772 1643 1897 1718 antiquis

322 1744 487 1814 Codicibus,
508 1747 594 1816 etiam
607 1745 684 1820 apud
695 1739 876 1820 Marculfam‚
893 1743 937 1812 (2)
957 1742 1055 1798 sedan
1069 1739 1142 1798 istud
1161 1741 1196 1796 sit
1215 1741 1338 1816 primum
1354 1741 1534 1818 Privilegium
1549 1743 1772 1802 Luxovieusibus
1782 1764 1902 1804 com

322 1868 396 1917 sum,
421 1851 464 1906 vcl
478 1858 590 1906 tantum
603 1846 771 1924 antiquioris
786 1844 974 1910 confirmatio,
998 1862 1055 1901 non
1069 1843 1163 1901 audeo
1175 1844 1302 1902 definire.
1340 1845 1415 1903 Illud
1430 1858 1541 1905 certum
1554 1859 1607 1914 est,
1630 1867 1796 1906 concessum
1811 1848 1899 1907 fuisse

322 1962 387 2007 ante
402 1971 508 2009 annum
519 1948 591 2022 641,
609 1970 666 2026 quo
679 1949 823 2008 lohannes
836 1947 965 2014 decessit,
982 1965 1039 2022 quo
1052 1957 1180 2021 tempore
1195 1947 1407 2005 S.Columbani
1424 1951 1537 2026 Regula
1550 1969 1616 2009 cum
1631 1950 1815 2009 Benedictina
1825 1967 1897 2008 con·

319 2060 425 2134 juncta
446 2069 518 2127 erat,
531 2075 608 2116 anno
622 2074 722 2132 nempe
740 2061 775 2110 14
790 2063 941 2130 postquam
953 2050 1081 2124 ejusdem
1099 2050 1207 2124 Regula
1219 2050 1248 2107 in
1264 2050 1379 2127 Synodo
1393 2052 1596 2111 Matisconease
1607 2056 1765 2130 approbata
1775 2052 1840 2123 fuit,
1854 2053 1898 2112 uti

323 2172 420 2219 narrat
431 2161 518 2219 Jonas
530 2159 559 2217 iu
568 2160 636 2216 Vita
650 2155 782 2224 Eustasii,
796 2165 825 2212 et
839 2155 934 2210 Labbe
944 2153 974 2210 in
987 2163 1065 2210 tomo
1078 2154 1106 2209 V
1120 2154 1314 2212 conciliorum
1325 2158 1394 2215 edit.
1404 2159 1482 2216 Paris
1496 2154 1582 2228 1671,
1594 2176 1622 2234 p.
1636 2153 1897 2222 maa—Privi-

325 2264 430 2339 legium
447 2263 574 2319 Bodiense
587 2261 738 2336 antiquius,
762 2261 798 2315 ab
811 2259 940 2315 Honorio
956 2264 1150 2317 2concessum
1164 2278 1240 2317 anno
1253 2257 1324 2332 das,
1338 2275 1420 2320 extat
1432 2264 1538 2322 editum
1557 2266 1594 2320 ab
1615 2262 1731 2339 Ugtedo
1755 2265 1785 2321 in
1805 2262 1895 2321 ltaliae

321 2368 415 2427 Sacrae
426 2381 502 2426 tomo
518 2367 571 2435 IV,
580 2366 629 2423 sed
647 2365 779 2421 mendose
800 2361 898 2419 datum
911 2359 983 2418 ald.
997 2359 1067 2419 Jun.
1080 2363 1126 2419 ubi
1142 2363 1269 2439 produn.
1280 2366 1427 2441 legendum
1442 2376 1485 2426 cst
1496 2365 1566 2426 an.
1578 2367 1705 2426 Heraclii
1715 2367 1791 2425 enim
1804 2385 1895 2425 annus

301 2459 407 2538 ‘v111‚
428 2481 457 2527 et
480 2468 626 2525 Indictiol
640 2466 732 2525 eidem
748 2465 907 2541 Diplomati
929 2466 1024 2533 affixa,
1045 2485 1110 2523 cum
1135 2486 1198 2524 aere
1212 2470 1370 2526 communis
1388 2488 1464 2528 auno
1475 2467 1534 2529 628
1551 2469 1697 2529 manifeste
1711 2472 1897 2528 conveniunt.

323 2573 370 2632 De
382 2574 456 2630 notis
467 2572 682 2647 chronologicis
695 2568 857 2626 confercndi
880 2581 947 2625 sunt
973 2570 1124 2628 llluratorii
1146 2573 1300 2648 scriptores
1313 2591 1379 2630 cum
1395 2573 1521 2648 Uglrellii
1542 2573 1626 2631 ltalia
1650 2573 1748 2644 Sacra,
1772 2574 1896 2649 itemque

323 2674 458 2732 Gerberti
473 2674 610 2731 Monacbi
626 2673 784 2741 Bobiensis,
808 2683 906 2749 postca
920 2673 1065 2731 Pontificis
1078 2674 1251 2750 Sylocstri2,
1267 2675 1412 2751 Epistola,
1424 2694 1491 2733 cum
1502 2675 1646 2753 Anonymi
1659 2675 1805 2734 bobiensis
1829 2674 1898 2733 Vita

320 2775 479 2836 Columbae
491 2779 596 2854 scripta
609 2792 677 2835 ante
692 2778 818 2835 medium
832 2779 970 2836 seculum
979 2779 1018 2847 X,
1041 2779 1117 2855 apud
1137 2779 1341 2837 Mabillonium
1355 2779 1461 2836 Annal.
1473 2779 1493 2838 l.
1508 2786 1555 2849 13,
1568 2799 1598 2840 n.
1607 2786 1637 2840 3.
1660 2782 1706 2853 (8)

360 2882 438 2941 Inter
466 2882 627 2960 Discipulos
653 2882 825 2940 columbani
853 2883 1006 2952 Hibernos,
1023 2883 1223 2941 celeberrimus
1247 2884 1301 2942 suit
1324 2882 1433 2953 Gallus,
1459 2885 1658 2944 Helvetiorum
1684 2893 1749 2962 post
1772 2885 1896 2944 Fridoli·

320 3004 390 3044 num
411 2986 576 3065 Apostolus,
603 2997 632 3043 et
646 2986 732 3044 totius
753 2985 845 3062 gentis
866 2986 1017 3054 Patronus,
1038 2987 1120 3061 cujus
1145 2988 1232 3056 Acta,
1252 3005 1271 3044 a
1285 2988 1440 3046 walafrido
1455 2989 1605 3071 Strabone,
1625 3000 1654 3047 ot
1671 2989 1802 3048 Notlsero
1826 3009 1896 3051 con·

318 3091 434 3169 scripte,
449 3092 552 3169 passim
565 3092 641 3148 edita
655 3088 843 3165 reperiuntur.
856 3090 901 3160 (4)
923 3088 959 3159 ls,
975 3106 1031 3146 nou
1041 3091 1134 3148 solum
1145 3091 1173 3147 in
1189 3091 1314 3149 claustro
1327 3110 1379 3168 pro
1394 3092 1556 3163 Monacbis,
1568 3093 1617 3150 sed
1630 3092 1717 3150 etiam
1732 3102 1816 3150 extra
1827 3093 1896 3156 Mo·

320 3193 433 3251 nasterii
447 3205 547 3270 scepta,
561 3212 613 3269 pro
627 3191 809 3250 saecularibus
823 3210 861 3249 ex
873 3192 1030 3250 Germania
1044 3193 1263 3263 confluentibus,
1285 3195 1420 3252 Scholam
1435 3195 1566 3266 instituit,
1587 3196 1618 3255 in
1637 3214 1696 3273 qua
1712 3196 1827 3254 Artium
1848 3196 1898 3254 Li·

319 3298 458 3355 beralium
468 3306 498 3355 et
511 3296 541 3355 S.
550 3296 704 3370 scripture
716 3311 824 3352 areana
836 3301 895 3350 tam
905 3293 981 3352 felici
994 3306 1097 3354 eventu
1111 3300 1322 3372 pandebantur,
1347 3309 1380 3357 nt
1397 3299 1607 3359 Monasten'uur
1620 3300 1759 3377 paulatim
1772 3300 1800 3357 in
1814 3299 1896 3377 oppi-

319 3399 441 3469 dum,et
451 3408 559 3476 postea,
570 3398 672 3475 Pipini,
683 3396 780 3454 Caroli
787 3396 926 3467 Martelli,
938 3409 967 3454 et
982 3398 1131 3458 Nobilium
1140 3401 1344 3471 munificentia,
1355 3403 1496 3479 congestis
1509 3405 1619 3488 opibus,
1633 3403 1662 3461 in
1673 3403 1826 3461 Civitatem
1835 3403 1894 3461 lm·

319 3483 457 3578 periclem
467 3501 622 3558 wrcexisse
634 3500 813 3577 gloriaretur.
823 3501 866 3572 (5)
879 3500 907 3557 S.
917 3501 996 3558 Galli
1009 3502 1185 3571 Sermonem,
1197 3504 1308 3562 saeculis
1322 3504 1500 3580 politioribus
1512 3506 1640 3580 dignum,
1654 3504 1744 3563 edidit
1757 3504 1895 3577 Canities,

307 3583 396 3681 'quod
411 3604 576 3662 unicum-ex
591 3603 657 3678 ejus
677 3603 811 3681 operibus
832 3613 991 3680 temporum
1005 3603 1137 3663 invidiam
1152 3605 1315 3676 declinavit,
1331 3626 1395 3667 nem
1409 3607 1534 3684 Epistola
1543 3608 1568 3665 ei
1579 3608 1722 3686 adscripta
1735 3612 1771 3668 ab
1780 3611 1895 3671 Usserio

315 3688 355 3768 in
368 3709 494 3788 Sylloge,
513 3709 599 3770 Gallo
620 3710 843 3770 Claramontano
868 3710 1010 3788 Episcopo
1033 3710 1222 3769 adscribenda
1235 3711 1355 3770 videtur.
1380 3707 1426 3784 (6)
1463 3711 1544 3772 Obiit
1564 3710 1611 3770 die
1629 3717 1663 3776 17
1677 3713 1744 3772 Kal.
1756 3715 1831 3773 Nos.
1852 3715 1896 3775 uti

315 4015 358 4081 (1)
369 4018 583 4083 spumantes
590 4018 671 4074 edidit
683 4019 830 4081 Murptetiqr
839 4017 899 4074 Ber.
913 4019 968 4071 Iul.
978 4031 995 4068 1.
1006 4025 1029 4077 1,
1040 4038 1064 4085 p.
1071 4023 1127 4070 511.

316 4096 360 4156 (1)
377 4098 512 4164 Marcalsas
526 4100 639 4163 formabis
650 4101 728 4158 edidit
738 4116 802 4150 anno
812 4103 869 4151 651.
904 4099 1026 4150 Mebillon
1034 4101 1124 4150 Annal.
1133 4100 1149 4149 l.
1161 4105 1199 4156 14,
1210 4116 1235 4148 n.
1246 4104 1285 4154 14,
1298 4115 1322 4165 p.
1329 4103 1388 4157 419,
1400 4099 1474 4149 editio
1485 4101 1576 4163 optima
1586 4109 1622 4149 est
1633 4100 1736 4150 Bolus&
1986 4148 1990 4154 .

316 4172 361 4237 (3)
379 4174 436 4223 Non
452 4178 529 4239 egitur
538 4180 578 4228 hie
589 4183 621 4229 de
631 4182 776 4243 prino,.,sod
783 4181 1078 4246 da-ssoundo-l'cisilegio
1089 4182 1218 4231 Bobieuse.
1251 4180 1290 4229 De
1307 4183 1392 4242 primo,
1413 4181 1480 4228 edito
1489 4181 1520 4228 ab
1533 4181 1629 4246 Ugbcllo
1640 4182 1665 4228 in
1676 4179 1748 4227 Italia
1763 4176 1835 4224 Secta
1842 4182 1860 4223 t.
1869 4181 1895 4232 7,

319 4253 367 4302 ool.
379 4256 452 4309 1311,
468 4266 543 4317 agunt
553 4259 709 4322 Macomades,
730 4262 789 4310 Res.
802 4262 887 4322 Itala.
899 4268 922 4318 1,
932 4265 1022 4325 [1455.
1032 4267 1091 4322 470,
1112 4264 1183 4310 Paul.
1196 4262 1266 4310 Diae.
1293 4261 1332 4309 De
1343 4261 1411 4310 Gest.
1424 4261 1576 4324 Longobsrd.
1588 4263 1657 4315 e.93‚
1668 4259 1728 4307 ibid.
1736 4264 1761 4304 et
1771 4256 1894 4303 Maditloa.

318 4332 409 4382 81111111·
420 4341 438 4382 t·
450 4338 472 4387 ¹»
483 4335 550 4388 110»
560 4339 632 4392 11-55,
645 4344 733 4400 11198.
766 4343 898 4392 8610681116
908 4327 1108 4408 edidit-isthemo
1118 4352 1136 4391 t.
1143 4346 1167 4398 4,
1178 4343 1225 4390 col.
1237 4345 1309 4396 1384,
1332 4342 1429 4404 dequo
1447 4341 1520 4388 Jonas
1538 4340 1563 4387 iu
1582 4337 1639 4386 vita
1657 4334 1793 4399 manipli,
1804 4333 1895 4382 Aml-

319 4413 413 4465 Bened.
426 4420 443 4462 t.
454 4420 477 4470 1,
489 4414 506 4461 l·
518 4418 557 4468 12,
569 4417 726 4477 1171111144.
760 4423 892 4486 Agilalfam
903 4423 990 4472 obiisse
1001 4439 1064 4471 anso
1075 4428 1132 4478 616,
1143 4424 1290 4471 demonstrat
1302 4421 1326 4469 iu
1338 4422 1432 4471 critico
1441 4420 1516 4468 Sacro
1528 4418 1624 4482 Pagina
1636 4431 1666 4464 ex
1685 4414 1819 4476 Dinlomto
1830 4414 1898 4462 Ads-

271 4489 273 4495 ’
318 4495 395 4546 losldi
405 4494 447 4543 filii
459 4493 511 4559 ejus
520 4494 584 4556 apud
598 4492 720 4558 Ugtettam
731 4504 749 4545 t.
758 4502 783 4552 4,
793 4509 819 4546 et
829 4502 976 4556 Mamertus
988 4504 1020 4552 ib.
1023 4507 1111 4566 ptos.

318 4575 362 4639 (4)
379 4575 454 4640 Apud
466 4575 562 4624 Suriam
571 4581 589 4622 t.
599 4577 624 4630 5,
635 4576 666 4622 sd
679 4579 709 4625 16
721 4575 822 4624 Obtobr.
833 4591 859 4626 es
867 4580 931 4629 Acts
943 4565 1097 4636 Benedictio.
1106 4586 1164 4630 68.
1183 4581 1274 4630 canisii
1285 4577 1353 4628 Lect.
1363 4578 1448 4642 Antiq.

316 4653 361 4717 (5)
376 4652 500 4706 Sebennei·
510 4653 602 4704 Itinera
611 4652 701 4719 Alpina
712 4654 823 4720 Lugduni
832 4656 919 4705 Batav.
931 4664 947 4706 1
958 4660 1005 4708 vol.
1017 4664 1150 4711 4161713.

314 4731 360 4795 (6)
377 4735 437 4784 Cone
448 4735 511 4785 Hist.
524 4734 572 4784 Lit.
582 4741 601 4783 t
612 4738 637 4792 3,
648 4751 674 4800 p.
685 4739 744 4786 563.
787 4733 878 4785 Gonler
894 4736 985 4789 canisii
1002 4737 1072 4797 ieet.
1090 4739 1174 4807 Autiq.
1187 4738 1246 4793 edit,
1259 4744 1281 4796 1,
1302 4739 1353 4795 15,
1363 4752 1388 4801 p.
1401 4741 1458 4794 898,
1478 4752 1533 4787 cuns
1543 4732 1604 4785 edit.
1614 4732 1729 4799 basnagii
1741 4741 1760 4782 t.
1774 4737 1796 4791 1,
1807 4748 1831 4798 p.
1842 4735 1902 4789 185,

305 4811 375 4870 ‚59²³
386 4820 413 4863 ot
423 4812 538 4870 Biblioth.
550 4814 602 4865 1³1².
615 4813 727 4883 Lugduni
738 4825 758 4869 t.
771 4821 812 4876 tt,
822 4830 849 4882 p.
861 4816 989 4874 1048816.
