4446 6000
317 520 416 624 146
698 550 1138 619 annornrronas
1179 547 1253 612 an
1294 547 1571 613 sac.v111.

314 739 481 797 Ptolomaeo.
497 738 540 810 (l)
558 735 655 795 Iberus
673 735 782 802 fluvius,
794 743 865 792 teste
876 734 978 801 Plinio,
990 726 1049 789 ado
1059 730 1149 788 millia
1165 748 1297 806 passuum
1310 728 1484 805 navigiorum
1500 749 1605 806 capax,
1624 729 1738 790 facilem
1750 737 1898 810 prebebat

313 860 458 900 accessum
481 842 516 898 sd
541 841 690 897 Oceanum
702 839 918 906 Cantabricum,
938 838 968 895 in
991 854 1049 911 quo
1063 832 1212 900 Iberniosn,
1235 845 1264 888 et
1285 832 1435 902 Albiones,
1455 833 1648 903 Cassiteridas,
1670 847 1701 895 et
1724 836 1898 916 Hesperides

319 945 429 1003 lnsulas
439 946 504 1002 sitas
518 963 587 1012 esse,
599 944 728 1020 frequens
741 953 794 1010 est,
803 951 833 998 et
846 938 961 997 illustris
975 937 1083 994 mentio
1097 936 1172 1012 apud
1181 935 1310 992 Veteres.
1333 937 1421 1012 Atqui
1436 937 1613 996 Albanorum
1627 957 1662 997 ac
1677 939 1824 1000 iberorum
1840 947 1896 1004 ml·

316 1049 456 1126 gratioues
468 1049 621 1118 maritime,
642 1050 679 1105 ab
690 1047 809 1104 Oriente
822 1046 850 1103 in
862 1044 1062 1109 Occidentem,
1076 1059 1112 1097 ex
1125 1040 1320 1098 vetustissimis
1330 1042 1515 1118 scriptoribus
1528 1043 1895 1119 innotescunt-Albula,

315 1150 411 1226 inquit
430 1149 593 1225 Calepinns,
614 1153 650 1207 ab
674 1157 737 1206 orts
750 1149 816 1206 solis
836 1148 907 1204 mari
920 1147 1025 1221 Caspio
1039 1144 1204 1218 conjuncta,
1220 1144 1258 1200 ab
1277 1159 1375 1199 occasu
1400 1144 1525 1201 Hiberia
1549 1146 1679 1207 finitima.
1695 1149 1745 1220 (2)
1785 1151 1833 1208 Ab
1851 1149 1898 1210 hle

318 1251 423 1311 Albani
436 1250 490 1307 orti
506 1262 583 1319 sunt,
603 1269 725 1326 qnorum
745 1269 809 1326 pars
823 1249 908 1307 bodie
923 1251 951 1306 in
969 1249 1067 1324 Epiro,
1080 1247 1163 1322 volgo
1178 1245 1312 1312 Albania,
1331 1245 1390 1302 Alii
1404 1245 1433 1304 in
1455 1246 1566 1305 ltaliam
1579 1251 1789 1325 navigaverunt,
1799 1271 1818 1309 a
1831 1251 1899 1330 qul·

317 1359 369 1414 bus
383 1355 517 1411 “Albani
532 1355 641 1421 Patres,
656 1364 684 1410 et
697 1353 746 1409 alti
762 1353 874 1409 moenia
885 1350 1110 1408 Romae.”-·Alii
1126 1351 1154 1407 in
1169 1349 1338 1425 Hispaniam
1352 1351 1537 1423 trajecerunt,
1551 1353 1611 1428 qui,
1620 1370 1689 1411 cunr
1699 1353 1895 1424 Numantinis,

319 1457 490 1534 Saguntinis,
507 1457 624 1532 aliisque
638 1454 794 1523 Celtiberis,
813 1454 849 1512 ad
865 1454 1073 1510 Celtiberorum
1081 1452 1263 1510 Conventurn
1272 1449 1452 1523 Cluniensem,
1469 1456 1505 1512 ad
1515 1456 1719 1515 Cantabricum
1734 1453 1896 1529 Oceanum,

319 1559 465 1619 confluere
479 1559 608 1621 solebant
623 1558 784 1633 quotannis,
799 1557 846 1628 (3)
862 1557 909 1614 ubi
920 1569 949 1613 et
963 1555 1115 1631 Brigantes
1133 1575 1151 1612 a
1167 1556 1270 1630 quibus
1295 1556 1444 1632 Brigantes
1457 1559 1806 1629 admontensium
1819 1559 1898 1619 Pta-

321 1661 441 1731 rasn,od
449 1661 586 1736 speculum
610 1658 767 1715 Britannia
776 1668 905 1716 erectum
917 1657 1013 1726 inisse,
1024 1657 1139 1714 tradunt
1149 1658 1278 1715 AEthicus
1289 1661 1333 1731 (4)
1347 1661 1447 1718 etalii.
1490 1662 1609 1721 Orosius
1622 1662 1715 1739 inquit
1737 1667 1758 1696 ‘⁴
1771 1666 1808 1721 ab
1819 1662 1899 1721 Her·

321 1768 341 1796 “
363 1762 422 1820 cole
436 1761 583 1828 conditum
598 1760 711 1829 suisse,”
736 1762 781 1833 (5)
805 1768 834 1817 et
849 1760 1003 1819 Herculem
1028 1762 1113 1817 istum
1129 1780 1186 1817 non
1209 1760 1296 1818 alium
1311 1762 1395 1819 luisse
1409 1782 1495 1839 qoam
1508 1763 1703 1833 Midacritus,
1727 1763 1776 1840 qui
1789 1765 1899 1840 primus

317 1866 485 1926 Phoenicum
494 1865 652 1931 Britannias
665 1864 834 1941 exploravit,
849 1864 1011 1922 Doctissimi
1022 1863 1210 1922 consentiunt
1223 1860 1266 1935 (ό)
1287 1864 1332 1921 Ex
1343 1866 1388 1923 liis
1401 1877 1480 1942 patet
1491 1868 1628 1940 Albanos,
1642 1879 1673 1926 et
1682 1869 1788 1938 lberos,
1800 1888 1819 1926 a
1831 1886 1899 1946 pro-

320 1968 491 2027 fundissima
502 1968 671 2044 antiquitate
688 1986 740 2025 sua
753 1967 869 2025 nomina
882 1969 1057 2043 Regionibus
1077 1968 1225 2024 maritimis
1239 1968 1396 2043 reliquisse.
1442 1971 1628 2046 Navigatorea
1652 1970 1737 2028 luisse
1759 1971 1803 2028 sel
1828 1971 1896 2030 inde

320 2082 443 2141 constat,
457 2071 532 2146 quod
543 2073 571 2128 in
586 2072 741 2129 Poetarum
755 2070 868 2139 fabulis,
887 2071 985 2128 Albion
1005 2071 1078 2127 filius
1091 2070 1219 2145 Neptuni
1234 2070 1349 2141 dicitur,
1361 2072 1412 2148 qui
1421 2093 1459 2130 ex
1469 2073 1589 2131 Oriente
1600 2074 1629 2130 in
1640 2073 1828 2131 Occidentem
1841 2092 1893 2131 co·

320 2176 410 2234 lonias
424 2177 542 2243 ducens,
556 2184 657 2231 contra
675 2173 830 2230 Herculem
844 2174 924 2232 stetit
936 2174 965 2231 in
977 2173 1074 2231 Gallia
1086 2183 1115 2229 et
1127 2174 1271 2249 pugnavit.
1281 2176 1329 2246 (7)
1353 2176 1471 2245 Albani,
1484 2177 1576 2252 inquit
1589 2176 1707 2245 Plinius,
1733 2178 1770 2233 ab
1790 2176 1895 2235 iasone

324 2282 379 2338 orti
394 2289 427 2337 ut
443 2280 547 2347 ferunt,
561 2288 627 2335 ante
641 2295 710 2353 quos
729 2295 807 2334 mare
821 2277 897 2352 quod
915 2284 968 2346 est,
982 2276 1116 2333 Allonem
1130 2277 1320 2333 nominatur.''
1334 2277 1382 2351 (8)
1404 2281 1452 2335 Ab
1464 2279 1590 2338 Hercule
1599 2279 1701 2338 ductos
1712 2281 1799 2336 tradit
1807 2278 1897 2339 Justl·

325 2401 388 2443 nus.
402 2382 452 2452 (9)
485 2381 557 2439 Haec
571 2389 604 2438 ut
615 2380 675 2437 dixi
689 2378 935 2455 profundissimam
949 2380 1145 2437 demonstrant
1158 2380 1371 2456 antiquitatem,
1386 2382 1461 2438 unde
1475 2381 1653 2439 Britannicas
1668 2381 1778 2439 Insulas
1788 2382 1900 2454 Allien,

322 2496 350 2543 et
362 2483 457 2553 Jeme,
471 2483 580 2541 Graecis
589 2483 824 2541 celebratissimae
837 2483 929 2553 luisse,
942 2483 1068 2542 scribunt
1083 2483 1248 2559 Dionysius,
1260 2494 1290 2540 et
1305 2484 1421 2542 Plinius.
1432 2484 1633 2555 (10)-lberos
1647 2487 1725 2562 quod
1738 2486 1851 2556 attinet,
1860 2489 1899 2545 sb

322 2588 356 2645 iis
380 2588 548 2663 Hispaniam
562 2587 668 2644 dictam
695 2585 781 2643 luisse
798 2586 928 2653 iberiam,
951 2586 1131 2645 consentiunt
1144 2592 1314 2644 omnes.—“
1330 2587 1364 2644 ln
1385 2587 1543 2645 universam
1557 2587 1725 2663 Hispaniam
1745 2587 1792 2646 M.
1805 2587 1899 2647 Varro

321 2690 479 2766 pervenisse
489 2691 595 2759 lberos,
608 2699 638 2747 et
657 2691 767 2758 Persas,
783 2700 813 2747 et
832 2689 987 2757 Phoenices,
1002 2689 1170 2766 Celtasque,
1192 2699 1221 2747 et
1232 2691 1333 2747 Paenos
1348 2690 1462 2749 tradit.”
1474 2694 1538 2763 (ll)
1576 2691 1684 2752 Eadem
1698 2691 1899 2753 traduntDs‘s·

322 2795 406 2866 dorus
425 2795 444 2852 l.
457 2800 487 2864 6,
500 2794 574 2852 Bibl.
586 2813 613 2869 p.
624 2799 694 2862 312,
718 2793 860 2867 Appianas
880 2793 909 2849 in
924 2792 1041 2851 ibericis
1055 2813 1083 2870 p.
1093 2790 1162 2862 256,
1175 2793 1256 2851 Melo
1269 2794 1328 2870 ipse
1341 2794 1495 2871 Hispanus,
1515 2798 1579 2868 (10)
1598 2797 1687 2855 etalii
1700 2815 1771 2873 quos
1783 2799 1903 2875 longum

323 2906 394 2955 esset
404 2916 581 2956 enumerare.
613 2897 709 2954 Primo
720 2898 836 2973 quidem
851 2897 949 2954 lberiae
963 2897 1087 2963 nomine,
1101 2897 1284 2954 vetustissimi
1296 2896 1454 2971 Scriptores
1468 2898 1634 2959 intellexere
1649 2911 1774 2959 tractum
1786 2920 1900 2961 omnem

322 3001 488 3060 allhodano
501 3001 538 3059 ad
552 3000 728 3073 Gades,(13)
737 3001 786 3058 sed
802 3011 909 3077 postea,
919 3019 938 3058 a
949 3000 1227 3076 Carthaginiensibus
1238 3000 1311 3076 pulsi
1324 3019 1419 3058 versus
1430 2999 1629 3072 Occidentem,
1640 3005 1805 3064 remotiores
1818 3005 1900 3064 sedes

323 3105 375 3165 sibi
386 3107 538 3183 expetiisse
555 3106 585 3164 in
599 3105 749 3175 Hibernia,
773 3114 913 3174 testantur
926 3101 1049 3169 Orosius,
1064 3103 1200 3174 Isidorus,
1227 3112 1257 3159 et
1274 3103 1412 3173 Nannias,
1438 3104 1550 3181 quibus,
1564 3114 1666 3181 utpote
1686 3106 1899 3182 antiquissimis,

323 3209 524 3284 adhaerendum
538 3219 590 3281 est.
624 3207 789 3266 Doctissimi
800 3207 953 3266 Scotorum
967 3207 1096 3266 Albaniae
1111 3207 1237 3265 latentur
1248 3212 1268 3240 “
1280 3207 1381 3264 Scotos
1391 3207 1514 3283 primum
1528 3208 1558 3264 in
1569 3207 1736 3265 Hiberniam
1746 3209 1899 3286 appulisse,

324 3317 343 3346 “
365 3323 452 3388 atque
464 3314 531 3371 inde
554 3311 731 3371 Britanniam
752 3308 876 3366 Colonos
886 3306 997 3378 missos,
1023 3329 1122 3368 omues
1135 3329 1234 3368 eorum
1248 3311 1374 3370 Annales
1385 3310 1536 3382 affirmare,
1557 3312 1633 3389 quod
1646 3321 1676 3369 et
1685 3312 1767 3371 Beda
1779 3321 1901 3372 testatos

325 3421 343 3447 “
366 3416 385 3473 l.
399 3424 423 3484 l,
438 3435 465 3475 c.
479 3424 506 3485 1,
519 3431 572 3472 nec
585 3413 671 3471 semel
687 3413 839 3469 Scotorum
851 3431 888 3470 ex
907 3411 1046 3470 Hibernia
1059 3414 1209 3472 transitum
1223 3414 1253 3473 in
1266 3415 1382 3473 Albium
1396 3415 1515 3484 iactum,
1521 3417 1612 3473 nostri
1624 3416 1749 3472 Annales
1760 3414 1897 3482 referunt,

325 3521 344 3548 ‘⁶
366 3534 420 3579 nec
434 3516 538 3575 Gentis
550 3515 688 3590 cujusque
702 3513 807 3572 desnis
821 3515 981 3590 lllajoribus
1005 3517 1178 3594 opinionem,
1198 3539 1263 3596 quae
1284 3519 1449 3579 testimonio
1470 3526 1581 3576 vetusto
1601 3518 1795 3587 confirmatur,
1810 3536 1898 3596 rapu·

326 3622 345 3651 ‘⁴
367 3619 499 3676 diandam
513 3618 613 3695 puto.'’
632 3622 698 3692 (14)

365 3719 439 3788 Quae
452 3740 518 3779 cum
532 3721 573 3780 ita
584 3721 651 3791 sint,
663 3741 721 3778 non
737 3731 780 3780 est
803 3722 1004 3793 dubitandum,
1015 3724 1083 3799 quin
1096 3724 1246 3783 habuerint
1260 3725 1382 3783 Hiberni
1395 3723 1505 3800 navigia
1517 3722 1635 3782 Oceano
1647 3723 1759 3794 idonea,
1782 3725 1842 3783 imo
1868 3734 1899 3784 et

326 3826 434 3886 Classes
446 3826 569 3885 Bellicas
583 3828 612 3884 in
622 3827 724 3885 nostris
736 3826 896 3887 Annalibus
908 3830 1011 3905 passim
1026 3840 1208 3900 memoratas,
1234 3829 1336 3906 qnibns
1360 3828 1437 3887 bella
1454 3829 1643 3888 transmarina
1654 3830 1770 3905 gerebat
1793 3828 1900 3890 saeculo

341 4120 353 4178 (
357 4120 383 4175 1)
400 4123 515 4170 Ptolomaei
524 4124 619 4170 Tlreatr.
633 4123 714 4183 Orbis,
725 4123 783 4171 edit.
796 4123 873 4171 Bertii
883 4139 912 4191 er
924 4122 1015 4171 Codice
1032 4125 1224 4186 praestantissimo
1235 4125 1356 4174 Palatino.

341 4201 384 4262 (1)
401 4200 492 4246 Eadem
502 4204 573 4249 tradit
584 4205 647 4250 Plin.
658 4205 674 4251 l.
687 4210 711 4254 6.
720 4222 742 4252 c.
751 4209 789 4252 10.
802 4206 853 4252 edit
863 4205 983 4259 Harduin,
995 4220 1018 4266 p.
1028 4208 1085 4252 308.
1183 4208 1227 4269 (3)
1245 4205 1309 4254 lbid.
1320 4206 1369 4259 l.3,
1379 4221 1401 4253 c.
1409 4207 1433 4258 3,
1444 4209 1463 4250 t.
1476 4208 1498 4258 1,
1509 4220 1533 4267 p.
1544 4208 1600 4254 143.

342 4279 390 4336 (4)
407 4277 497 4325 AEtbici
506 4277 643 4341 Cosomogr.
656 4283 681 4330 in
692 4283 829 4332 casauboni
841 4283 966 4340 Strabone,
977 4283 1112 4333 Amstelod.
1126 4288 1226 4343 1707,1.
1240 4292 1263 4342 1,
1272 4301 1327 4350 pag.
1340 4288 1397 4340 202,
1409 4290 1460 4331 not.
1468 4286 1492 4332 9.

341 4354 385 4420 (5)
402 4357 467 4404 Oros.
479 4355 582 4404 Adsere.
595 4357 685 4419 Pagan.
697 4363 715 4408 1.
728 4369 750 4417 1,
763 4379 787 4425 p.
798 4368 837 4412 17.
1164 4383 1167 4388 ·

342 4439 386 4496 (5)
405 4436 468 4484 Plin-
481 4435 498 4481 ¹·
509 4438 534 4488 ⁷›
544 4449 566 4480 ⁰·
576 4436 616 4488 ⁵⁶¹
627 4440 713 4495 P=4¹⁴s
726 4440 833 4496 &claris
848 4443 951 4500 Bmlaoe,
963 4446 1051 4494 Gentes
1062 4445 1101 4493 De
1112 4445 1252 4495 Pbsanicum
1264 4442 1467 4508 navigationibus,
1479 4438 1566 4503 lipsiae
1578 4441 1648 4486 1764.

339 4515 381 4582 (r)
398 4512 643 4578 Pomponianam.
654 4519 706 4570 ac.
718 4519 741 4563 ⁵.
869 4525 914 4585 (a)
932 4525 995 4571 Pria
1006 4525 1057 4580 is,
1069 4529 1122 4580 as,
1135 4532 1153 4574 a
1164 4531 1187 4581 1,
1199 4542 1224 4589 p.
1236 4527 1292 4572 sse.
1453 4524 1497 4587 (9)
1514 4520 1595 4569 rma»
1606 4516 1670 4572 lte,
1681 4516 1740 4565 a&

335 4596 402 4660 ι(10)
427 4597 523 4660 Dionys.
537 4593 632 4658 Perieg.
640 4611 701 4645 vera·
712 4599 771 4646 56³.
805 4598 869 4646 Plia.
880 4601 930 4656 l.4,
941 4617 963 4649 c.
974 4605 1014 4656 16,
1025 4604 1058 4650 ib.
1068 4619 1093 4666 p.
1105 4609 1162 4654 222.

341 4677 353 4734 (
358 4677 401 4740 11)
419 4676 523 4725 Plin.ib.
533 4676 582 4732 18,
593 4692 614 4725 c.
623 4679 648 4726 8.
776 4676 835 4741 (12)
851 4679 924 4734 Melo,
933 4681 950 4727 l.
962 4685 986 4733 2.
997 4695 1018 4727 c.
1031 4686 1055 4737 6,
1066 4692 1091 4730 et
1101 4683 1174 4731 Vossii
1184 4692 1235 4729 not.
1248 4681 1279 4728 ad
1288 4680 1330 4728 lin.
1340 4683 1381 4736 50,
1393 4680 1444 4731 vol.
1453 4685 1477 4734 0,
1488 4696 1512 4743 p.
1520 4681 1578 4733 746,
1594 4675 1652 4726 edit.
1663 4673 1741 4738 Intgd·
1752 4677 1826 4724 1⁷48·

341 4755 401 4819 (1³)
416 4756 530 4806 Harduin
540 4756 565 4803 in
576 4755 640 4805 Plin.
651 4763 702 4807 nol.
713 4758 754 4810 ³⁷,
766 4757 796 4804 ad
809 4759 825 4807 l.
838 4761 863 4814 7,
875 4767 892 4806 t.
905 4763 930 4814 2,
940 4775 964 4821 p.
976 4762 1035 4814 769,
1048 4770 1073 4806 et
1084 4761 1168 4807 Strabo
1177 4761 1194 4806 l.
1206 4763 1231 4814 3,
1242 4775 1267 4821 p.
1276 4763 1331 4814 166,
1343 4760 1404 4808 edit.
1416 4759 1545 4809 Casaubon
1556 4761 1629 4807 1707.

343 4832 401 4900 (14)
417 4835 558 4888 melanen-
568 4836 628 4887 ller.
639 4835 705 4891 scot.
719 4837 736 4886 l.
747 4841 772 4897 2,
781 4836 885 4903 Trajssti
896 4839 928 4888 ad
939 4837 1021 4888 Rhea.
1032 4841 1104 4897 1697,
1116 4854 1141 4901 p·
1150 4841 1191 4888 50.
1210 4840 1337 4889 Piakertms
1347 4839 1421 4890 Sootl.
1432 4841 1482 4891 vol.
1490 4845 1515 4897 2,
1524 4855 1581 4906 pag.
1592 4841 1634 4898 56,
1645 4845 1672 4889 et
1681 4852 1733 4902 seq.
1741 4833 1820 4886 lead
1832 4836 1904 4889 1700.
