4446 6000
318 520 414 621 108
769 549 1031 618 auulsas
1071 544 1473 612 nrrournusns.

313 733 474 824 Ecdoclr,
502 759 565 810 rex
594 734 766 808 Dolrioti
787 750 915 806 omnes
940 730 1078 803 mortui
1096 739 1193 802 sunt.
1217 726 1279 820 (l)
1333 725 1531 804 Sternunt
1548 727 1747 807 Abbatissa
1765 731 1890 813 Clna'rt

315 856 480 932 Boirenn
513 857 677 930 moritur.
731 855 851 929 Finon
870 853 995 927 Abbas
1014 852 1158 928 Cluana
1175 853 1260 938 unis,
1279 860 1303 930 7
1322 850 1501 925 Constans
1516 853 1659 950 sapiens
1679 851 1894 932 Loconernn
1951 915 1953 918 Α

320 980 549 1074 [monasterii
579 981 679 1054 lacus
708 977 821 1071 Erue]
856 977 1085 1073 quieverunt.
1152 972 1271 1046 Cedes
1300 987 1479 1070 nepotum
1512 976 1652 1048 Monin
1686 978 1726 1049 in
1759 1003 1891 1079 campo

316 1101 483 1176 Diorben
518 1101 582 1174 ubi
615 1084 759 1201 Art'gul
781 1101 901 1174 victor·
930 1112 1016 1173 erat.
1099 1096 1208 1169 Eitui
1241 1097 1289 1168 in.
1324 1094 1429 1191 [lilia]
1464 1096 1629 1170 Cinndon
1663 1097 1888 1196 [Kennethi]

309 1224 479 1299 moritur.

314 1351 382 1426 flu·
409 1347 485 1425 wtt
500 1352 556 1433 itt
573 1349 653 1427 otti.
706 1348 809 1422 Mors
822 1320 1047 1441 Fnlortaigb
1065 1344 1133 1442 Ep.
1153 1344 1300 1420 Cluana
1327 1343 1468 1417 Iroird.
1522 1341 1675 1442 Oengns
1689 1368 1767 1418 enoc
1781 1344 1892 1419 Alete

314 1495 379 1544 rex
399 1470 651 1569 Mugltdorne,
699 1470 845 1545 Conoill
862 1471 936 1543 leno
954 1469 1083 1544 Osseni
1115 1467 1185 1540 Ab.
1202 1466 1369 1556 Letnbni,
1393 1466 1560 1539 Ainrnire
1577 1464 1649 1539 Ab.
1671 1466 1889 1556 Rntltontne,

315 1593 445 1669 Conna
462 1619 541 1669 neno
565 1593 740 1683 Connoin,
764 1595 921 1667 Moinon
938 1616 993 1665 mc
1021 1590 1187 1666 Cormnr'c
1203 1588 1274 1661 Ab.
1298 1588 1487 1662 caturae-n
1505 1591 1618 1663 Fnrsi
1641 1590 1784 1685 [Abbas
1802 1591 1895 1666 civi*

312 1715 399 1790 t'atis
419 1717 453 1789 S.
467 1716 601 1805 Fursei,
619 1717 675 1790 ie.
696 1714 863 1808 Peronae]
879 1715 919 1787 in
933 1713 1097 1802 Francia,
1116 1711 1333 1785 Fluitrnoolr
1351 1735 1415 1784 rex
1427 1712 1592 1787 Conoclrt
1607 1711 1777 1789 defuncti
1793 1730 1894 1790 sunt.
1910 1743 1913 1750 ·

316 1836 435 1912 Boum
454 1839 666 1928 mortalitas,
685 1853 722 1913 et
739 1839 942 1913 mortalitas
959 1823 1153 1911 hominum
1167 1836 1214 1908 de
1228 1835 1392 1933 penuria.
1451 1835 1674 1935 Combustio
1694 1836 1791 1911 Cille
1807 1840 1895 1911 doro

112 1937 118 1948 .
240 1998 243 2004 ·
315 1961 353 2034 ln·
369 1960 429 2034 111
447 1961 539 2034 ld.J
546 1961 619 2034 uin.
652 1961 872 2036 Combustio
885 1961 1030 2036 Clnono
1047 1958 1363 2032 moerMuedbocc.
1397 1956 1619 2032 Combustio
1631 1960 1725 2035 cille
1740 1942 1899 2058 deilgge}

315 2086 367 2159 In
386 2084 562 2182 bholgoclr
578 2085 653 2183 sor
675 2087 794 2160 eirinn
820 2086 938 2172 nuile.
989 2081 1162 2179 [Morbus
1181 2080 1336 2176 bolgogb
1368 2080 1390 2152 i.
1407 2104 1436 2153 e.
1456 2082 1596 2155 ventris
1615 2081 1811 2181 profluvies
1828 2104 1895 2182 per

319 2208 536 2282 Hiberniam
555 2208 703 2301 totam]
738 2207 883 2280 Ventus
898 2205 1082 2279 maximus
1101 2205 1139 2277 in
1158 2204 1231 2278 fine
1245 2206 1424 2278 autumni.
1480 2204 1688 2280 Muredoclr
1706 2229 1784 2280 noo
1798 2201 1894 2281 Oen·

313 2355 408 2430 goso
423 2356 487 2406 rex
504 2330 825 2406 Andocionnocbte
833 2330 917 2429 jug.
973 2328 1086 2426 Slogb
1104 2333 1141 2402 lo
1160 2327 1321 2402 Donnclt
1351 2328 1421 2400 isin
1431 2325 1568 2424 focbla
1586 2353 1653 2402 con
1674 2341 1757 2401 tncc
1773 2329 1895 2425 giolln

318 2477 338 2525 ο
367 2452 572 2527 Domlrnoll
596 2478 651 2527 nro
668 2454 769 2526 Aeolo
786 2454 980 2549 mninderg
1040 2453 1257 2546 [Exercitus
1289 2451 1427 2524 ductus
1454 2475 1476 2523 a
1510 2448 1752 2522 Dunnchado
1778 2449 1818 2522 in
1842 2460 1911 2526 re·'

317 2574 469 2671 gionem
505 2573 662 2663 Fochlae,
694 2574 815 2648 donec
839 2574 994 2648 abstulit
1025 2574 1171 2648 obsides
1199 2573 1443 2648 aDonnaldo
1460 2571 1544 2645 filio·
1568 2571 1656 2644 Aidi
1691 2570 1777 2662 rufi]
1810 2593 1897 2670 rege

316 2695 526 2791 Aquilonis.
587 2697 660 2770 Bel.
682 2695 882 2769 Mnmhoin
912 2697 1085 2787 invicem,
1126 2698 1192 2771 ubi
1222 2688 1359 2772 cecidit
1377 2696 1517 2794 Fergol
1544 2720 1622 2770 mac
1639 2693 1803 2791 Elndoig
1831 2715 1899 2772 rex

319 2817 401 2891 Des
415 2817 611 2908 Mnnrlron,
640 2819 872 2917 [Desmoniae
897 2821 919 2894 i.
929 2845 959 2895 e.
986 2822 1153 2895 australis
1183 2821 1417 2914 Momoniae‚]
1451 2820 1618 2895 Breirlen
1636 2821 1750 2895 Berri
1778 2821 1899 2896 victor

175 2919 181 2929 ’
271 2943 275 2949 ’
319 2938 404 3015 fuit.
459 2939 661 3018 Forboraclr
682 2966 760 3017 noc
777 2943 996 3018 Mmletoloi
1021 2945 1092 3018 Ab.
1115 2946 1207 3019 Rois
1236 2945 1401 3019 Choimin
1435 2943 1602 3016 moritur.

317 3068 387 3144 nn.
414 3067 491 3146 ὦτί
507 3070 564 3152 itt
579 3069 628 3151 ir.
705 3065 929 3139 Combustio
948 3067 1148 3140 Aloclnode
1182 3068 1221 3139 in
1241 3067 1322 3139 Kal.
1342 3068 1366 3141 J
1370 3091 1428 3140 an.
1501 3064 1720 3140 Combustio
1753 3066 1898 3142 Cluana

318 3188 496 3280 Boirenn,
530 3189 782 3271 roombustio
800 3188 926 3262 Bolni.
980 3188 1085 3261 Mors
1101 3186 1267 3262 Murclro
1284 3213 1339 3264 nec
1356 3189 1604 3265 Dnibdntnot.
1642 3190 1801 3265 Bellum
1819 3191 1900 3266 Do-

320 3528 562 3605 Mortyrologium
584 3530 670 3587 Bedae
695 3529 764 3587 edit.
777 3529 913 3589 cantabr.
928 3549 958 3606 p.
968 3535 1039 3599 433,
1061 3550 1128 3589 cum
1151 3531 1311 3591 Molillonir'
1330 3533 1491 3592 Annalibus
1512 3534 1533 3591 l.
1548 3541 1574 3602 1,
1600 3537 1675 3605 513,
1701 3544 1731 3592 et
1755 3531 1899 3590 Benedicti

319 3622 467 3701 Hoeftenii
478 3624 718 3701 disquisitionibus
733 3624 901 3682 blonasticis
914 3625 934 3685 l.
948 3634 974 3685 1.
1017 3626 1090 3685 Item
1118 3646 1184 3686 cum
1205 3628 1339 3686 Mennrdi
1361 3629 1435 3686 notis
1459 3629 1496 3684 ad
1521 3629 1703 3687 concordiam
1726 3627 1899 3703 Regularum

322 3720 484 3778 consectam
497 3721 601 3779 saecuto
615 3721 693 3790 ix‚et
708 3740 776 3780 cum
790 3720 928 3797 Gregorio
940 3721 1096 3780 Turonenrc
1111 3725 1186 3782 Hist.
1202 3723 1335 3782 Francor.
1348 3725 1367 3781 l.
1381 3731 1428 3790 10,
1438 3744 1464 3782 c.
1479 3730 1529 3792 29.
1571 3724 1617 3780 Ex
1631 3723 1734 3799 quibus
1744 3710 1829 3780 simul
1838 3721 1899 3780 col-

320 3816 394 3885 latis,
408 3817 492 3892 plane
504 3829 615 3876 constat
628 3817 725 3889 Italos,
734 3819 846 3886 Gallos,
859 3828 890 3875 et
900 3819 1025 3895 reliquos
1039 3820 1240 3879 Occidentales
1254 3820 1349 3877 saeculi
1360 3827 1388 3887 5,
1400 3816 1474 3875 odS.
1487 3817 1587 3874 Basilii
1599 3817 1746 3894 Regulam,
1757 3837 1775 3876 o
1788 3817 1900 3894 Rrfino,

319 3910 433 3970 Celcstii
446 3913 624 3970 Hibernenee'e
636 3915 732 3983 arnico,
756 3914 858 3972 latine
872 3915 1020 3983 redditam,
1037 3935 1128 3973 mores
1141 3926 1171 3974 et
1184 3915 1295 3991 regulas
1310 3915 1511 3988 composuisse.
1556 3913 1633 3969 Hinc
1647 3911 1902 3971 Molneeburienrr'r

319 4009 349 4065 in
376 4009 450 4067 libro
474 4011 510 4067 de
525 4009 696 4085 Antiquitot.
709 4009 838 4066 Gloston.
853 4011 888 4066 de
900 4029 971 4067 novo
992 4012 1021 4067 S.
1032 4011 1179 4069 benedicti
1195 4011 1317 4086 Regula,
1341 4021 1407 4087 post
1429 4009 1457 4066 S.
1471 4008 1621 4084 Augustini
1644 4010 1799 4067 odremum
1812 4008 1902 4067 intro·

320 4103 581 4179 ducto,inquit-“
598 4106 651 4164 His
664 4107 842 4183 temporibus
856 4106 886 4163 in
899 4107 1075 4165 blonastcrio
1089 4106 1282 4164 Glastoniensi
1310 4107 1394 4183 caepit
1412 4104 1502 4179 prino
1527 4105 1628 4160 eadem
1647 4105 1744 4180 regula
1763 4103 1899 4170 exerceri,

322 4201 341 4228 ‘⁴
357 4197 432 4270 quod
444 4199 522 4270 prius
533 4199 637 4272 fuerat
661 4221 736 4259 nrore
759 4202 935 4259 cenobiorum
948 4202 1094 4278 Egypti.”
1135 4202 1273 4278 Idemque
1287 4203 1315 4258 in
1326 4203 1399 4259 libro
1413 4207 1431 4258 3
1446 4202 1481 4257 de
1493 4198 1587 4256 Gestis
1599 4198 1705 4257 Pontii.
1719 4196 1836 4272 Anglor.
1855 4197 1900 4252 iu·

323 4290 538 4367 quit-Primos
554 4293 791 4353 Lindislarncnses
807 4298 963 4372 Episcopos
974 4298 1123 4366 Ardentem,
1143 4297 1286 4365 Finonnm,
1302 4297 1471 4364 Colmonunr,
1493 4295 1541 4370 qui
1566 4293 1685 4352 Hiberni
1709 4300 1800 4358 erant,
1817 4299 1900 4347 vetus

320 4385 515 4444 Monosticum
537 4384 697 4443 institutum
717 4391 854 4448 orientale
868 4392 897 4448 in
912 4393 1126 4450 Nortbumbn'ae
1146 4413 1265 4468 reguum
1289 4392 1490 4459 introduxisse,
1510 4391 1612 4465 quibus
1627 4386 1782 4445 succedens
1801 4394 1903 4460 postea

321 4480 529 4561 lVilsridns--“
545 4480 661 4538 Primus
682 4480 721 4537 ibi
735 4483 874 4540 Benedicti
887 4487 1011 4560 regulam
1022 4486 1047 4543 ¹¹u
1060 4487 1206 4544 Monoclia
1217 4486 1478 4561 observorijussit.”
1499 4485 1575 4542 Vide
1591 4480 1693 4540 noted
1702 4497 1769 4539 ann.
1782 4471 1851 4538 805.

322 4580 366 4649 (1)
387 4578 507 4636 Obitum
530 4573 684 4634 AidiFe'nn
703 4575 739 4631 ad
755 4575 1009 4637 hildesemensem
1023 4580 1441 4656 rigerent-coaeternae,
1457 4575 1904 4650 ciratusartaherteo‚ej11sdem
1948 4576 1950 4580 ’

321 4673 431 4731 obitum
447 4674 531 4732 refert
545 4674 582 4731 ad
605 4691 710 4730 annum
726 4690 783 4748 quo
797 4672 868 4729 obiit
881 4671 965 4728 Nioll
986 4674 1107 4733 Fraroclr
1127 4697 1178 4733 rex
1192 4678 1348 4745 Hiberniae,
1361 4677 1451 4753 Ogyg.
1463 4696 1491 4752 p.
1506 4673 1693 4748 aet-Ergo
1703 4670 1740 4728 od
1755 4689 1822 4729 ann.
1836 4688 1901 4729 aaron

322 4768 478 4828 communis
491 4774 561 4832 778.
609 4769 698 4844 Atqui
717 4767 846 4825 deductis
856 4772 897 4824 30
908 4768 984 4842 regni
996 4771 1077 4828 annis
1088 4774 1125 4828 ab
1139 4790 1214 4829 anno
1226 4777 1296 4845 778,
1308 4773 1479 4850 relinquitur
1492 4777 1562 4845 748,
1577 4788 1634 4849 quo
1650 4767 1753 4827 Aidnrn
1776 4767 1904 4844 Regnum

321 4863 413 4930 iaiisse
428 4882 513 4942 supra
531 4865 663 4927 annotavi
677 4864 714 4924 ad
728 4882 794 4924 ann.
802 4866 872 4937 735,
884 4871 914 4923 et
926 4867 997 4926 tro.
