4446 6000
699 549 961 613 uuunnes
990 548 1392 617 onrournusns.
1766 526 1832 618 33

262 735 330 810 sstt.
349 727 391 809 Φ
406 747 446 816 tt
460 736 497 806 a.
525 726 609 804 Kal.
623 726 648 803 J
650 755 710 804 an.
728 728 752 804 ἰ.
770 727 836 803 fer.
854 729 932 802 lun.
950 729 1057 803 xxvi.
1106 731 1185 805 Bel.
1204 732 1330 807 Ratira
1341 733 1377 806 in
1402 733 1554 806 druodlr.
1575 732 1639 807 lrcl.
1662 733 1837 808 Airdrrn·

261 858 346 930 duirr
378 852 564 951 [Praelium
583 852 687 926 collis
702 837 829 936 Sancti
841 850 1080 925 Druidarum.
1135 854 1307 929 Proelium
1328 856 1473 930 Montis
1491 855 1681 948 seruant]
1715 855 1738 928 J
1744 881 1839 954 ugu-

259 977 350 1052 latio
366 976 525 1049 filiorum
553 974 701 1050 Aeduin
723 974 758 1047 ic
788 974 919 1062 Broirr,
941 997 1025 1048 ocur
1041 975 1314 1074 Domaingrrirt.
1332 980 1363 1052 b.
1381 978 1554 1055 Coruino.
1583 976 1742 1074 [Aedani
1774 976 1840 1051 lilii

261 1098 384 1172 Branii
404 1111 442 1173 et
459 1094 718 1194 Domangarti.
747 1095 918 1169 Praelium
939 1097 1205 1192 Corauuense.]

262 1225 330 1302 aa
356 1220 518 1307 ursit
560 1219 643 1293 Kal.
660 1218 747 1293 Jan.
768 1218 819 1291 iii.
839 1217 903 1292 fer.
921 1221 996 1292 lun.
1014 1221 1077 1296 vii.
1142 1223 1295 1298 Occisio
1323 1223 1567 1324 Cumasgaitt
1595 1225 1771 1300 rnctleda
1803 1227 1840 1298 ta

260 1346 478 1423 Brunduibtr
496 1368 551 1417 mc
568 1341 723 1416 nectuclr
739 1342 777 1414 r'rr
792 1341 884 1414 Dan
903 1344 1050 1416 Bactrut
1078 1344 1337 1445 [Cumasgadii
1359 1346 1426 1420 filii
1440 1348 1547 1437 Aedi,
1570 1369 1600 1420 ‘a
1629 1348 1842 1423 Brandubio

261 1471 339 1545 lilio
357 1463 541 1553 Eachaeh,
562 1465 600 1536 in
618 1463 715 1536 Arce
729 1462 901 1557 Buchat.]
954 1466 1097 1539 Bellum
1118 1468 1255 1540 montis
1274 1467 1421 1542 Cuuciu
1442 1470 1658 1567 regionibus
1674 1468 1840 1556 Mumcn,

263 1586 500 1689 [lllomoniae]
531 1585 595 1659 ubi
633 1584 797 1660 Fr'rrclma
831 1611 910 1660 mac
942 1587 1102 1661 Buetar‘rr
1143 1590 1266 1664 victor
1311 1606 1400 1663 erat.
1455 1591 1560 1665 Mors
1589 1593 1748 1666 Tibrar'tr'
1764 1594 1846 1692 filii

263 1715 489 1809 Gealgguig.
527 1707 759 1807 [Galgachi.]
775 1708 830 1803 (1)
1608 1728 1615 1737 ·

264 1841 333 1916 flu.
360 1834 535 1919 ortua
564 1830 802 1907 Kalleniv.
814 1829 976 1906 fen'lun.
993 1834 1097 1907 xviii.
1154 1833 1270 1919 Quies
1286 1836 1436 1910 Bactinr'
1452 1838 1546 1912 Art.
1561 1838 1635 1916 ,lac
1670 1840 1842 1936 [Baetani

263 2164 351 2217 ritreo
377 2153 558 2213 ordinationis
585 2152 771 2228 llegrnnlilrro
793 2151 845 2209 sibi
870 2152 1018 2210 videbatur
1044 2135 1148 2230 legere,
1171 2153 1319 2235 Aidanunr
1333 2155 1487 2214 ordinasse.
1530 2156 1686 2215 Adanurun.
1702 2158 1722 2217 Ι.
1732 2165 1762 2224 3,
1775 2176 1802 2217 c.
1816 2166 1849 2221 5.

265 2258 312 2333 De
323 2274 399 2313 anno
409 2251 504 2309 obitus
531 2251 560 2307 S.
575 2248 723 2306 Columbae
736 2249 800 2305 ride
816 2248 934 2306 Dissert.
950 2247 1154 2307 Protin-tv
1170 2249 1309 2327 Magistri
1321 2249 1452 2326 inquiunt
1466 2253 1502 2307 ad
1517 2271 1583 2310 eun.
1599 2259 1668 2322 592.
1710 2259 1729 2287 “
1741 2254 1847 2312 Caluini

263 2353 324 2410 cille
336 2346 522 2407 mcl'eidlinrm
535 2362 593 2420 apr.
607 2343 707 2401 Atto.
717 2343 883 2400 ceanncralllr
893 2362 923 2399 er
935 2344 1004 2400 moir
1016 2363 1048 2400 er
1061 2364 1130 2420 agar
1144 2346 1243 2412 Alton,
1261 2330 1482 2420 iar'bpattr'aicc,
1500 2347 1562 2402 decc
1578 2344 1624 2404 ina
1638 2347 1802 2422 ccclnirfein
1818 2359 1849 2409 tn

264 2448 309 2505 Ili
322 2445 424 2512 indalb,
433 2443 477 2499 iar
489 2460 538 2498 ran
551 2441 635 2499 crica.
646 2439 783 2497 bliarllain
795 2438 922 2496 trioclud
933 2459 950 2496 a
964 2440 1082 2511 oititlrrc,
1097 2440 1190 2499 oidlrce
1201 2441 1363 2517 dominuigh
1378 2441 1412 2500 do
1424 2439 1566 2500 tundnau
1581 2450 1601 2510 9
1615 2444 1642 2499 ta
1657 2436 1851 2511 iuni38racht

265 2541 401 2603 rulliadua
413 2538 505 2598 scaete
518 2546 628 2613 mogatt
638 2556 655 2594 a
664 2537 723 2594 aoir
736 2537 896 2595 sileantur
910 2555 942 2592 ro
952 2534 1056 2615 faoidlr
1070 2537 1205 2612 arpioroit
1216 2531 1252 2595 do
1262 2557 1321 2594 curn
1335 2537 1440 2607 nimie„
1449 2557 1493 2596 aar
1504 2539 1615 2596 arberar
1627 2538 1680 2597 irr'rr
1691 2558 1770 2598 rann.

626 2640 645 2673 ⁶‘
668 2633 756 2691 Trora
767 2631 894 2690 bliadlna
904 2633 950 2689 boi
959 2652 1017 2708 gan
1031 2631 1215 2701 len-Colum
1228 2633 1256 2691 in
1269 2653 1287 2690 a
1300 2634 1363 2691 trit
1374 2634 1472 2711 regler,

623 2735 643 2764 ‘⁴
665 2727 754 2786 Luidtr
765 2748 803 2803 go
813 2726 918 2803 laingli
930 2747 961 2784 ar
974 2727 1186 2797 actalia-iar
1199 2726 1299 2785 Seaclrt
1314 2730 1467 2787 rnlrliadirra
1477 2729 1569 2789 reacit
1589 2729 1712 2808 nogut.’'

301 2835 323 2866 ⁴⁸
344 2831 375 2888 S.
388 2826 531 2885 Columba
539 2823 688 2889 cellarum,
708 2823 782 2901 filius
795 2821 916 2888 Feliruii,
932 2822 1089 2898 Apostolus
1105 2822 1244 2891 Albaniae,
1263 2825 1402 2882 Patronus
1417 2827 1532 2899 majoris
1547 2827 1635 2901 pertis
1647 2826 1796 2884 lliberni'ae
1820 2837 1852 2885 et

264 2925 395 2983 Albania
405 2934 469 2998 post
493 2917 662 2985 Patricium,
675 2916 746 2973 obiit
766 2916 795 2972 in
815 2914 944 2971 Ecclesia
964 2915 1081 2991 propria
1104 2915 1134 2972 in
1157 2917 1273 2991 Hyante,
1285 2918 1317 2974 in
1331 2919 1468 2984 Albania,
1483 2932 1548 2994 post
1561 2925 1599 2977 35
1616 2920 1853 2994 Peregrinationis

262 3017 417 3089 ennum,in
428 3024 514 3073 nocte
529 3012 689 3070 Doruinicae
705 3012 897 3077 Pentecostes,
921 3010 966 3066 die
980 3016 1000 3078 9
1014 3010 1102 3078 Junii,
1117 3030 1192 3066 anno
1206 3016 1243 3074 77
1260 3012 1361 3082 aetatis,
1379 3014 1420 3071 uti
1436 3014 1543 3070 cecinit
1558 3015 1669 3070 Bardus
1688 3015 1716 3069 in
1724 3013 1848 3071 disticho

624 3111 645 3139 “
665 3105 792 3180 Triginta
801 3105 881 3164 annis
896 3103 949 3161 luit
958 3104 1019 3162 sine
1032 3105 1156 3174 macula,
1168 3106 1309 3164 Columba
1320 3109 1351 3164 in
1362 3126 1415 3166 sua
1425 3109 1576 3167 tenebrosa
1591 3109 1729 3168 Ecclesia.

622 3206 642 3235 “
663 3200 805 3259 Transivit
818 3199 854 3257 ad
869 3200 1001 3276 Angelos,
1016 3219 1052 3257 ex
1067 3220 1181 3259 carcere
1191 3202 1328 3279 corporis,
1343 3213 1406 3279 post
1414 3221 1503 3260 annos
1517 3206 1554 3266 77
1559 3202 1586 3262 .”

304 3307 371 3363 Hoc
389 3301 529 3362 distichon
552 3298 664 3356 invenio
678 3297 798 3355 citatum
820 3316 857 3354 ex
875 3294 1010 3353 Clrurrico
1026 3293 1168 3353 Scotorum
1180 3299 1218 3354 ab
1232 3297 1357 3356 O'Brien
1377 3299 1406 3354 in
1430 3297 1634 3367 vocabulario,
1664 3317 1733 3357 roce
1753 3296 1856 3358 Cacit.

266 3403 347 3461 ldem
364 3398 506 3457 distichon
518 3405 600 3454 extat
612 3396 641 3452 in
656 3392 836 3469 Tigernuclro,
850 3391 923 3449 Cod.
932 3392 1016 3450 Bodl.
1027 3391 1077 3451 lol.
1088 3398 1117 3460 9,
1132 3392 1186 3450 col.
1197 3401 1228 3461 4,
1242 3392 1292 3453 lin.
1304 3399 1354 3463 42,
1369 3391 1418 3453 ubi
1434 3392 1544 3451 obitum
1558 3394 1588 3452 S.
1597 3393 1746 3452 Culurnbae
1756 3395 1852 3466 refert,

265 3516 332 3555 cum
341 3494 513 3562 Adurnnano,
525 3491 544 3548 l.
555 3496 584 3560 3,
600 3494 675 3559 c28,
689 3495 739 3557 30,
753 3495 803 3556 31,
817 3487 853 3544 ad
868 3496 973 3544 noctern
984 3486 1136 3545 Dominicae
1150 3487 1334 3548 Pentecosten.

307 3591 394 3652 Aliud
412 3592 448 3648 de
459 3588 587 3664 ejusdem
601 3585 681 3644 obitu
695 3585 837 3643 distichon
851 3584 1020 3643 venerandae
1034 3584 1193 3644 vetustatis.
1214 3583 1352 3643 exhibent
1361 3585 1403 3643 lV
1418 3584 1557 3662 Magistri
1576 3606 1612 3646 ex
1621 3605 1717 3645 coaevo
1728 3585 1852 3645 Dollarre

267 3689 310 3747 his
324 3687 427 3749 verbis:
450 3690 470 3719 ‘⁴
481 3683 588 3743 Dalion
596 3680 722 3757 Pergar'lt
732 3679 805 3738 dixit
818 3679 874 3737 hoc
894 3679 929 3735 do
942 3679 1008 3736 blaa
1021 3675 1144 3737 Choluim
1159 3676 1229 3736 citte
1242 3679 1290 3754 [rle
1305 3690 1396 3737 morte
1405 3680 1434 3738 S.
1443 3681 1605 3756 Columbae]

627 3781 647 3811 “
668 3776 700 3835 Ir
712 3776 812 3851 leigier
823 3775 904 3850 tegla
913 3794 972 3851 gan
984 3774 1106 3833 lca-Is
1119 3773 1227 3832 dedidit
1241 3775 1284 3831 rirr
1297 3794 1345 3832 era
1358 3795 1389 3833 re
1400 3774 1509 3834 Iniuria

627 3876 647 3905 “
667 3869 809 3928 lrabiran
821 3891 850 3927 re
858 3871 931 3928 cruit
939 3889 996 3945 gan
1008 3867 1196 3930 reia-Sinde
1209 3869 1266 3927 deit
1276 3870 1321 3926 air
1329 3890 1421 3946 nargu
1433 3871 1554 3928 inuoir.''

470 3969 522 4028 Est
533 3968 675 4027 medicina
690 3968 803 4025 llledici
817 3967 876 4024 sine
889 3966 1089 4036 fructu—Eat
1101 3967 1248 4025 decretum
1263 3964 1337 4022 isturl
1351 3966 1436 4024 tirnor
1446 3984 1514 4023 curn
1531 3984 1658 4034 maerore,

471 4065 522 4123 ast
534 4081 648 4122 carmen
663 4081 731 4119 curn
745 4062 862 4123 cithaera
876 4063 938 4120 sine
951 4061 1198 4137 gaudio—Sonus
1208 4078 1328 4136 sequens
1342 4060 1477 4117 teretrum
1489 4063 1524 4117 nd
1539 4061 1696 4119 tumulum.

271 4165 348 4223 Hinc
357 4170 470 4220 constat
479 4158 621 4216 Cithararn
630 4167 699 4213 tunc
710 4156 739 4212 in
751 4174 804 4212 usu
818 4156 902 4213 luisse
916 4157 991 4231 apud
1002 4156 1285 4214 Hibernos—Porro
1296 4165 1374 4211 recte
1385 4154 1492 4210 notarit
1505 4155 1527 4211 F
1528 4153 1672 4212 laherteus
1682 4160 1701 4190 ‘¹
1716 4153 1860 4231 togarum

270 4258 399 4321 Gaurani
419 4256 520 4325 filiurn,
534 4253 634 4311 eodem
646 4270 720 4310 auno
734 4270 791 4328 quo
802 4252 834 4320 S,
844 4250 988 4309 Columba
1002 4250 1116 4318 obiisse,
1138 4262 1170 4308 ut
1181 4250 1266 4306 habet
1279 4247 1449 4324 Tigernoclr”
1465 4249 1556 4326 Ogyg.
1566 4269 1629 4326 pag.
1643 4256 1711 4314 474.

273 4358 320 4431 (1)
353 4355 395 4413 1v
422 4349 561 4427 Magirtri
583 4348 711 4406 referunt
735 4346 864 4424 praelium
887 4344 1041 4422 During,
1081 4345 1110 4403 in
1134 4365 1191 4420 quo
1214 4345 1325 4402 occisus
1344 4355 1386 4403 est
1407 4343 1471 4401 Aad
1491 4364 1541 4402 rex
1562 4343 1718 4415 Hiberniae,
1735 4347 1772 4403 ad
1793 4364 1860 4402 ann.

272 4459 349 4520 5943
370 4450 422 4509 sed
440 4447 539 4506 melius
560 4444 590 4501 hi
612 4444 749 4511 Annales,
762 4461 829 4500 curu
850 4440 1030 4517 tigernacio,
1043 4441 1080 4498 ad
1094 4460 1161 4501 ann.
1176 4446 1242 4510 598.
1291 4439 1417 4499 Ueserius
1440 4442 1531 4517 inquit
1545 4454 1608 4518 post
1621 4460 1726 4499 caesurn
1741 4439 1854 4508 Aidum,

272 4546 456 4605 Brandrrhr'rrrrr
471 4540 602 4620 lageniae
613 4541 732 4616 Regem,
747 4539 901 4597 contulisse
911 4536 942 4596 S.
954 4537 1068 4594 Aedarru
1078 4555 1159 4594 suant
1174 4538 1316 4594 ciuitatem
1333 4536 1450 4611 [legiam
1468 4535 1589 4601 Ferrum,
1604 4535 1632 4592 in
1656 4533 1784 4607 lngcuiae
1797 4552 1858 4590 mc·

272 4642 426 4718 tropolinr3
448 4638 479 4698 S.
493 4636 585 4696 Ftectt
594 4639 688 4695 ecdem
703 4636 873 4694 trarulerens
886 4654 904 4692 e
917 4634 1032 4692 civitate
1045 4631 1145 4709 Sterry.
1175 4633 1315 4692 Primord.
1333 4651 1361 4708 p.
1376 4627 1445 4700 965.
1471 4635 1557 4688 Ater
1567 4628 1707 4703 Cogitato,
1721 4627 1859 4702 antiquis·

272 4738 345 4794 aimo
358 4733 495 4808 scriptore
504 4733 608 4789 editoe
622 4729 742 4798 Cannio,
756 4741 869 4789 constat
878 4730 1043 4788 translatam
1057 4729 1142 4789 tuisse
1156 4729 1254 4786 sedem
1269 4725 1549 4802 Archrepiscopalorn
1564 4721 1683 4797 prirnou
1701 4719 1862 4780 Slrllrticnri

273 4830 388 4892 civitate
399 4825 558 4882 Kildariam
578 4826 682 4883 saeculo
692 4846 722 4893 r;
737 4826 812 4895 iude,
823 4826 929 4884 saculo
937 4826 974 4888 vi,
984 4839 1102 4885 auctore
1113 4825 1288 4893 Brendubio,
1298 4821 1430 4886 Ferrum
1443 4821 1536 4874 denuo
1548 4815 1578 4873 K
1580 4816 1708 4875 ildariam
1719 4837 1737 4875 a
1747 4818 1860 4894 l'cruat

274 4924 383 4989 scinde
393 4922 519 4991 denum,
530 4920 635 4980 sacculo
649 4922 700 4993 xii,
714 4922 1009 4980 Dublinium.-·Vide
1024 4922 1148 4979 Glossar.
1164 4919 1284 4998 l'opogr.
1299 4918 1378 4974 Voce
1393 4911 1527 4978 Kildara·

820 5068 825 5075 .
931 5023 952 5078 F
