<?xml version="1.0" encoding="UTF-8"?>
<!DOCTYPE html PUBLIC "-//W3C//DTD XHTML 1.0 Transitional//EN"
    "http://www.w3.org/TR/xhtml1/DTD/xhtml1-transitional.dtd">
<html xmlns="http://www.w3.org/1999/xhtml" xml:lang="en" lang="en">
 <head>
  <title>
</title>
<meta http-equiv="Content-Type" content="text/html;charset=utf-8" />
  <meta name='ocr-system' content='tesseract 3.04.00' />
  <meta name='ocr-capabilities' content='ocr_page ocr_carea ocr_par ocr_line ocrx_word'/>
</head>
<body>
  <div class='ocr_page' id='page_1' title='image "./rerumhibernicar00tigegoog_0012.png"; bbox 0 0 4446 6000; ppageno 0'>
   <div class='ocr_carea' id='block_1_1' title="bbox 345 1149 1731 1383">
    <p class='ocr_par' dir='ltr' id='par_1_1' title="bbox 345 1149 1731 1383">
     <span class='ocr_line' id='line_1_1' title="bbox 345 1149 1731 1295; baseline -0.004 -43"><span class='ocrx_word' id='word_1_1' title='bbox 345 1189 517 1273; x_wconf 11' lang='lat' dir='ltr'>*Quadam</span> <span class='ocrx_word' id='word_1_2' title='bbox 539 1189 578 1252; x_wconf 84' lang='lat' dir='ltr'>de</span> <span class='ocrx_word' id='word_1_3' title='bbox 600 1188 784 1252; x_wconf 74' lang='lat' dir='ltr'><strong><em>Annalibus</em></strong></span> <span class='ocrx_word' id='word_1_4' title='bbox 812 1185 1053 1251; x_wconf 80' lang='lat' dir='ltr'>Ultoniensibus</span> <span class='ocrx_word' id='word_1_5' title='bbox 1071 1186 1312 1295; x_wconf 57' lang='lat' dir='ltr'>promouendo,</span> <span class='ocrx_word' id='word_1_6' title='bbox 1337 1196 1369 1248; x_wconf 84' lang='lat' dir='ltr'>et</span> <span class='ocrx_word' id='word_1_7' title='bbox 1392 1186 1430 1248; x_wconf 85' lang='lat' dir='ltr'>de</span> <span class='ocrx_word' id='word_1_8' title='bbox 1445 1149 1540 1248; x_wconf 12' lang='lat' dir='ltr'>*notis</span> <span class='ocrx_word' id='word_1_9' title='bbox 1563 1184 1609 1248; x_wconf 85' lang='lat' dir='ltr'>ad</span> <span class='ocrx_word' id='word_1_10' title='bbox 1629 1204 1731 1246; x_wconf 82' lang='lat' dir='ltr'>annos</span> 
     </span>
     <span class='ocr_line' id='line_1_2' title="bbox 724 1296 1360 1383; baseline -0.005 -21"><span class='ocrx_word' id='word_1_11' title='bbox 724 1296 981 1374; x_wconf 75' lang='lat'>434,435,436,</span> <span class='ocrx_word' id='word_1_12' title='bbox 1007 1298 1059 1368; x_wconf 73' lang='lat' dir='ltr'>to.</span> <span class='ocrx_word' id='word_1_13' title='bbox 1091 1296 1360 1383; x_wconf 55' lang='lat' dir='ltr'>pap.l‚2,et3«</span> 
     </span>
    </p>
   </div>
   <div class='ocr_carea' id='block_1_2' title="bbox 250 1797 1846 2528">
    <p class='ocr_par' dir='ltr' id='par_1_2' title="bbox 250 1797 1846 2528">
     <span class='ocr_line' id='line_1_3' title="bbox 294 1797 1843 1878; baseline -0.003 -20"><span class='ocrx_word' id='word_1_14' title='bbox 294 1802 327 1859; x_wconf 91' lang='lat' dir='ltr'>ln</span> <span class='ocrx_word' id='word_1_15' title='bbox 341 1801 418 1859; x_wconf 92' lang='lat' dir='ltr'>notis</span> <span class='ocrx_word' id='word_1_16' title='bbox 432 1801 469 1860; x_wconf 86' lang='lat' dir='ltr'>ad</span> <span class='ocrx_word' id='word_1_17' title='bbox 484 1820 576 1860; x_wconf 86' lang='lat' dir='ltr'>annos</span> <span class='ocrx_word' id='word_1_18' title='bbox 595 1802 676 1874; x_wconf 85' lang='lat' dir='ltr'>istos,</span> <span class='ocrx_word' id='word_1_19' title='bbox 694 1804 844 1862; x_wconf 75' lang='lat' dir='ltr'>lectorem</span> <span class='ocrx_word' id='word_1_20' title='bbox 859 1803 977 1862; x_wconf 89' lang='lat' dir='ltr'>nimium</span> <span class='ocrx_word' id='word_1_21' title='bbox 993 1802 1132 1872; x_wconf 78' lang='lat' dir='ltr'><strong>audacter</strong></span> <span class='ocrx_word' id='word_1_22' title='bbox 1145 1801 1294 1862; x_wconf 80' lang='lat' dir='ltr'>referimus</span> <span class='ocrx_word' id='word_1_23' title='bbox 1315 1801 1351 1877; x_wconf 78' lang='lat' dir='ltr'>ad</span> <span class='ocrx_word' id='word_1_24' title='bbox 1367 1799 1503 1878; x_wconf 69' lang='lat' dir='ltr'>quadam</span> <span class='ocrx_word' id='word_1_25' title='bbox 1519 1798 1669 1876; x_wconf 87' lang='lat' dir='ltr'>opuscula,</span> <span class='ocrx_word' id='word_1_26' title='bbox 1690 1815 1755 1874; x_wconf 84' lang='lat' dir='ltr'>quae</span> <span class='ocrx_word' id='word_1_27' title='bbox 1773 1797 1843 1856; x_wconf 84' lang='lat' dir='ltr'>hac·</span> 
     </span>
     <span class='ocr_line' id='line_1_4' title="bbox 250 1925 1846 2011; baseline -0.002 -24"><span class='ocrx_word' id='word_1_28' title='bbox 250 1939 334 1988; x_wconf 90' lang='lat' dir='ltr'>tenus</span> <span class='ocrx_word' id='word_1_29' title='bbox 348 1951 402 1991; x_wconf 88' lang='lat' dir='ltr'>nec</span> <span class='ocrx_word' id='word_1_30' title='bbox 415 1932 444 1990; x_wconf 91' lang='lat' dir='ltr'>in</span> <span class='ocrx_word' id='word_1_31' title='bbox 458 1932 552 1992; x_wconf 87' lang='lat' dir='ltr'>lucem</span> <span class='ocrx_word' id='word_1_32' title='bbox 566 1932 709 2010; x_wconf 82' lang='lat' dir='ltr'>prodiere,</span> <span class='ocrx_word' id='word_1_33' title='bbox 737 1952 829 2010; x_wconf 87' lang='lat' dir='ltr'>neque</span> <span class='ocrx_word' id='word_1_34' title='bbox 843 1952 925 2011; x_wconf 93' lang='lat' dir='ltr'>spem</span> <span class='ocrx_word' id='word_1_35' title='bbox 938 1932 1143 1992; x_wconf 78' lang='lat' dir='ltr'>rationabilem</span> <span class='ocrx_word' id='word_1_36' title='bbox 1157 1933 1288 2010; x_wconf 73' lang='lat' dir='ltr'>praebent</span> <span class='ocrx_word' id='word_1_37' title='bbox 1302 1930 1425 2009; x_wconf 85' lang='lat' dir='ltr'>posthac</span> <span class='ocrx_word' id='word_1_38' title='bbox 1439 1928 1601 2007; x_wconf 78' lang='lat' dir='ltr'>proditura.</span> <span class='ocrx_word' id='word_1_39' title='bbox 1647 1927 1754 1984; x_wconf 86' lang='lat' dir='ltr'>Eorum</span> <span class='ocrx_word' id='word_1_40' title='bbox 1768 1925 1846 1984; x_wconf 92' lang='lat' dir='ltr'>tituli</span> 
     </span>
     <span class='ocr_line' id='line_1_5' title="bbox 251 2056 1845 2134; baseline -0.001 -19"><span class='ocrx_word' id='word_1_41' title='bbox 251 2060 397 2129; x_wconf 69' lang='lat' dir='ltr'>sunt—l.</span> <span class='ocrx_word' id='word_1_42' title='bbox 423 2061 668 2134; x_wconf 74' lang='lat' dir='ltr'>Diu-Seouebuso,</span> <span class='ocrx_word' id='word_1_43' title='bbox 696 2063 792 2121; x_wconf 86' lang='lat' dir='ltr'>“sive</span> <span class='ocrx_word' id='word_1_44' title='bbox 818 2063 1066 2122; x_wconf 85' lang='lat' dir='ltr'>Munimentorum</span> <span class='ocrx_word' id='word_1_45' title='bbox 1099 2061 1324 2121; x_wconf 87' lang='lat' dir='ltr'>Hibemensium</span> <span class='ocrx_word' id='word_1_46' title='bbox 1356 2058 1523 2130; x_wconf 83' lang='lat' dir='ltr'>Historiae‚”</span> <span class='ocrx_word' id='word_1_47' title='bbox 1554 2057 1598 2116; x_wconf 87' lang='lat' dir='ltr'>vel</span> <span class='ocrx_word' id='word_1_48' title='bbox 1627 2056 1845 2115; x_wconf 88' lang='lat' dir='ltr'>“Glossarium</span> 
     </span>
     <span class='ocr_line' id='line_1_6' title="bbox 252 2186 1845 2270; baseline 0.001 -25"><span class='ocrx_word' id='word_1_49' title='bbox 252 2194 273 2224; x_wconf 86' lang='lat'><em>“</em></span> <span class='ocrx_word' id='word_1_50' title='bbox 288 2189 544 2268; x_wconf 84' lang='lat' dir='ltr'>Topograpbioum</span> <span class='ocrx_word' id='word_1_51' title='bbox 568 2192 885 2261; x_wconf 80' lang='lat' dir='ltr'>Hibernioum;”--11.</span> <span class='ocrx_word' id='word_1_52' title='bbox 909 2192 1055 2270; x_wconf 84' lang='lat' dir='ltr'>“Regum</span> <span class='ocrx_word' id='word_1_53' title='bbox 1069 2191 1205 2269; x_wconf 82' lang='lat' dir='ltr'>Lageniae</span> <span class='ocrx_word' id='word_1_54' title='bbox 1228 2190 1324 2249; x_wconf 87' lang='lat' dir='ltr'>Series</span> <span class='ocrx_word' id='word_1_55' title='bbox 1336 2188 1462 2258; x_wconf 83' lang='lat'>;”-111.</span> <span class='ocrx_word' id='word_1_56' title='bbox 1486 2190 1559 2246; x_wconf 86' lang='lat' dir='ltr'>ltem</span> <span class='ocrx_word' id='word_1_57' title='bbox 1580 2195 1600 2220; x_wconf 91' lang='lat'><strong>“</strong></span> <span class='ocrx_word' id='word_1_58' title='bbox 1617 2186 1845 2246; x_wconf 87' lang='lat' dir='ltr'>Momoniae.”—</span> 
     </span>
     <span class='ocr_line' id='line_1_7' title="bbox 255 2302 1843 2400; baseline -0.001 -23"><span class='ocrx_word' id='word_1_59' title='bbox 255 2320 326 2379; x_wconf 84' lang='lat' dir='ltr'>Haee</span> <span class='ocrx_word' id='word_1_60' title='bbox 345 2302 383 2378; x_wconf 84' lang='lat' dir='ltr'>ad</span> <span class='ocrx_word' id='word_1_61' title='bbox 412 2318 485 2378; x_wconf 88' lang='lat' dir='ltr'>alios</span> <span class='ocrx_word' id='word_1_62' title='bbox 504 2319 702 2400; x_wconf 86' lang='lat' dir='ltr'>derelinquere</span> <span class='ocrx_word' id='word_1_63' title='bbox 725 2321 865 2399; x_wconf 88' lang='lat' dir='ltr'>oogimur,</span> <span class='ocrx_word' id='word_1_64' title='bbox 896 2320 1002 2398; x_wconf 87' lang='lat' dir='ltr'>quibus</span> <span class='ocrx_word' id='word_1_65' title='bbox 1023 2329 1138 2397; x_wconf 80' lang='lat' dir='ltr'>tempus</span> <span class='ocrx_word' id='word_1_66' title='bbox 1160 2319 1277 2390; x_wconf 88' lang='lat' dir='ltr'>arridet,</span> <span class='ocrx_word' id='word_1_67' title='bbox 1304 2327 1334 2377; x_wconf 91' lang='lat' dir='ltr'>et</span> <span class='ocrx_word' id='word_1_68' title='bbox 1356 2336 1437 2377; x_wconf 82' lang='lat' dir='ltr'>mens</span> <span class='ocrx_word' id='word_1_69' title='bbox 1460 2337 1533 2375; x_wconf 83' lang='lat' dir='ltr'>sona</span> <span class='ocrx_word' id='word_1_70' title='bbox 1560 2317 1589 2374; x_wconf 85' lang='lat' dir='ltr'>in</span> <span class='ocrx_word' id='word_1_71' title='bbox 1613 2337 1733 2395; x_wconf 85' lang='lat' dir='ltr'>corpore</span> <span class='ocrx_word' id='word_1_72' title='bbox 1761 2336 1843 2376; x_wconf 87' lang='lat' dir='ltr'>sano.</span> 
     </span>
     <span class='ocr_line' id='line_1_8' title="bbox 255 2436 1842 2528; baseline -0.001 -22"><span class='ocrx_word' id='word_1_73' title='bbox 255 2448 412 2507; x_wconf 82' lang='lat' dir='ltr'>Praesulum</span> <span class='ocrx_word' id='word_1_74' title='bbox 427 2449 697 2509; x_wconf 75' lang='lat' dir='ltr'>Ardmaehanorum</span> <span class='ocrx_word' id='word_1_75' title='bbox 712 2451 888 2528; x_wconf 86' lang='lat' dir='ltr'>Catalogum</span> <span class='ocrx_word' id='word_1_76' title='bbox 908 2450 1073 2527; x_wconf 90' lang='lat' dir='ltr'>genuinum,</span> <span class='ocrx_word' id='word_1_77' title='bbox 1097 2468 1133 2508; x_wconf 85' lang='lat' dir='ltr'>ex</span> <span class='ocrx_word' id='word_1_78' title='bbox 1152 2449 1277 2507; x_wconf 83' lang='lat' dir='ltr'>melioris</span> <span class='ocrx_word' id='word_1_79' title='bbox 1301 2457 1377 2507; x_wconf 80' lang='lat' dir='ltr'>notae</span> <span class='ocrx_word' id='word_1_80' title='bbox 1398 2436 1598 2517; x_wconf 54' lang='lat' dir='ltr'>D&#39;ocumentis,</span> <span class='ocrx_word' id='word_1_81' title='bbox 1614 2447 1699 2504; x_wconf 89' lang='lat' dir='ltr'>simul</span> <span class='ocrx_word' id='word_1_82' title='bbox 1718 2446 1842 2516; x_wconf 83' lang='lat' dir='ltr'>collatis,</span> 
     </span>
    </p>
   </div>
   <div class='ocr_carea' id='block_1_3' title="bbox 254 2579 1126 2658">
    <p class='ocr_par' dir='ltr' id='par_1_3' title="bbox 254 2579 1126 2658">
     <span class='ocr_line' id='line_1_9' title="bbox 254 2579 1126 2658; baseline -0.003 -20"><span class='ocrx_word' id='word_1_83' title='bbox 254 2579 399 2638; x_wconf 84' lang='lat' dir='ltr'>edidimus</span> <span class='ocrx_word' id='word_1_84' title='bbox 418 2580 447 2637; x_wconf 89' lang='lat' dir='ltr'>iu</span> <span class='ocrx_word' id='word_1_85' title='bbox 462 2580 503 2637; x_wconf 93' lang='lat' dir='ltr'>lV</span> <span class='ocrx_word' id='word_1_86' title='bbox 517 2580 686 2658; x_wconf 85' lang='lat' dir='ltr'>Magistror.</span> <span class='ocrx_word' id='word_1_87' title='bbox 697 2579 871 2650; x_wconf 79' lang='lat' dir='ltr'>Annalibus,</span> <span class='ocrx_word' id='word_1_88' title='bbox 895 2597 965 2656; x_wconf 85' lang='lat' dir='ltr'>pag.</span> <span class='ocrx_word' id='word_1_89' title='bbox 977 2582 1126 2636; x_wconf 78' lang='lat' dir='ltr'>loo-113.</span> 
     </span>
    </p>
   </div>
   <div class='ocr_carea' id='block_1_4' title="bbox 253 2803 1846 3011">
    <p class='ocr_par' dir='ltr' id='par_1_4' title="bbox 253 2803 1846 3011">
     <span class='ocr_line' id='line_1_10' title="bbox 295 2803 1842 2882; baseline -0.001 -20"><span class='ocrx_word' id='word_1_90' title='bbox 295 2804 461 2863; x_wconf 88' lang='lat' dir='ltr'>Monendus</span> <span class='ocrx_word' id='word_1_91' title='bbox 473 2814 518 2862; x_wconf 86' lang='lat' dir='ltr'>est</span> <span class='ocrx_word' id='word_1_92' title='bbox 532 2806 648 2875; x_wconf 65' lang='lat' dir='ltr'>lector,</span> <span class='ocrx_word' id='word_1_93' title='bbox 663 2806 786 2863; x_wconf 82' lang='lat' dir='ltr'>&#39;l&#39;extum</span> <span class='ocrx_word' id='word_1_94' title='bbox 802 2805 959 2863; x_wconf 77' lang='lat' dir='ltr'>Annalium</span> <span class='ocrx_word' id='word_1_95' title='bbox 973 2806 1185 2866; x_wconf 87' lang='lat' dir='ltr'>Ultoniensium</span> <span class='ocrx_word' id='word_1_96' title='bbox 1200 2807 1242 2866; x_wconf 84' lang='lat' dir='ltr'>ita</span> <span class='ocrx_word' id='word_1_97' title='bbox 1261 2805 1401 2882; x_wconf 89' lang='lat' dir='ltr'>scriptum</span> <span class='ocrx_word' id='word_1_98' title='bbox 1414 2824 1489 2875; x_wconf 73' lang='lat' dir='ltr'>osse,</span> <span class='ocrx_word' id='word_1_99' title='bbox 1510 2803 1666 2863; x_wconf 75' lang='lat' dir='ltr'>Hiberniae</span> <span class='ocrx_word' id='word_1_100' title='bbox 1680 2811 1710 2861; x_wconf 88' lang='lat' dir='ltr'>et</span> <span class='ocrx_word' id='word_1_101' title='bbox 1730 2803 1842 2874; x_wconf 86' lang='lat' dir='ltr'>Latine,</span> 
     </span>
     <span class='ocr_line' id='line_1_11' title="bbox 253 2931 1846 3011; baseline 0 -21"><span class='ocrx_word' id='word_1_102' title='bbox 253 2943 283 2991; x_wconf 89' lang='lat' dir='ltr'>et</span> <span class='ocrx_word' id='word_1_103' title='bbox 298 2931 445 2991; x_wconf 86' lang='lat' dir='ltr'>vocabulis</span> <span class='ocrx_word' id='word_1_104' title='bbox 459 2931 607 3008; x_wconf 86' lang='lat' dir='ltr'>utriusque</span> <span class='ocrx_word' id='word_1_105' title='bbox 622 2931 729 3008; x_wconf 78' lang='lat' dir='ltr'>lingum</span> <span class='ocrx_word' id='word_1_106' title='bbox 743 2931 950 3002; x_wconf 80' lang='lat' dir='ltr'>intermixtum,</span> <span class='ocrx_word' id='word_1_107' title='bbox 972 2941 1004 2990; x_wconf 90' lang='lat' dir='ltr'>ut</span> <span class='ocrx_word' id='word_1_108' title='bbox 1019 2935 1065 2991; x_wconf 84' lang='lat' dir='ltr'>vix</span> <span class='ocrx_word' id='word_1_109' title='bbox 1088 2934 1226 3010; x_wconf 82' lang='lat' dir='ltr'>distingui</span> <span class='ocrx_word' id='word_1_110' title='bbox 1251 2944 1378 3011; x_wconf 88' lang='lat' dir='ltr'>possent,</span> <span class='ocrx_word' id='word_1_111' title='bbox 1399 2954 1464 3010; x_wconf 82' lang='lat' dir='ltr'>quae</span> <span class='ocrx_word' id='word_1_112' title='bbox 1479 2933 1643 2991; x_wconf 80' lang='lat' dir='ltr'>adtentum</span> <span class='ocrx_word' id='word_1_113' title='bbox 1662 2933 1807 3010; x_wconf 86' lang='lat' dir='ltr'>pertinent</span> <span class='ocrx_word' id='word_1_114' title='bbox 1828 2952 1846 2989; x_wconf 89' lang='lat' dir='ltr'>a</span> 
     </span>
    </p>
   </div>
   <div class='ocr_carea' id='block_1_5' title="bbox 255 3059 1582 3138">
    <p class='ocr_par' dir='ltr' id='par_1_5' title="bbox 255 3059 1582 3138">
     <span class='ocr_line' id='line_1_12' title="bbox 255 3059 1582 3138; baseline -0.002 -19"><span class='ocrx_word' id='word_1_115' title='bbox 255 3059 394 3131; x_wconf 82' lang='lat' dir='ltr'>versione,</span> <span class='ocrx_word' id='word_1_116' title='bbox 419 3059 503 3118; x_wconf 85' lang='lat' dir='ltr'>aliter</span> <span class='ocrx_word' id='word_1_117' title='bbox 520 3080 608 3138; x_wconf 87' lang='lat' dir='ltr'>quam</span> <span class='ocrx_word' id='word_1_118' title='bbox 622 3059 764 3121; x_wconf 84' lang='lat' dir='ltr'>vocabula</span> <span class='ocrx_word' id='word_1_119' title='bbox 778 3060 916 3119; x_wconf 83' lang='lat' dir='ltr'>versionis</span> <span class='ocrx_word' id='word_1_120' title='bbox 929 3059 1103 3122; x_wconf 82' lang='lat' dir='ltr'>includendo</span> <span class='ocrx_word' id='word_1_121' title='bbox 1117 3061 1146 3118; x_wconf 92' lang='lat' dir='ltr'>in</span> <span class='ocrx_word' id='word_1_122' title='bbox 1161 3059 1338 3138; x_wconf 86' lang='lat' dir='ltr'>parenthesi,</span> <span class='ocrx_word' id='word_1_123' title='bbox 1354 3069 1440 3136; x_wconf 87' lang='lat' dir='ltr'>prout</span> <span class='ocrx_word' id='word_1_124' title='bbox 1452 3059 1582 3118; x_wconf 85' lang='lat' dir='ltr'>fecimus.</span> 
     </span>
    </p>
   </div>
   <div class='ocr_carea' id='block_1_6' title="bbox 295 3288 1844 3368">
    <p class='ocr_par' dir='ltr' id='par_1_6' title="bbox 295 3288 1844 3368">
     <span class='ocr_line' id='line_1_13' title="bbox 295 3288 1844 3368; baseline 0.001 -21"><span class='ocrx_word' id='word_1_125' title='bbox 295 3290 460 3348; x_wconf 86' lang='lat' dir='ltr'>Monendus</span> <span class='ocrx_word' id='word_1_126' title='bbox 480 3300 525 3348; x_wconf 88' lang='lat' dir='ltr'>est</span> <span class='ocrx_word' id='word_1_127' title='bbox 545 3298 685 3368; x_wconf 67' lang='lat' dir='ltr'>praeterea</span> <span class='ocrx_word' id='word_1_128' title='bbox 707 3290 822 3362; x_wconf 69' lang='lat' dir='ltr'>lector,</span> <span class='ocrx_word' id='word_1_129' title='bbox 846 3288 942 3347; x_wconf 87' lang='lat' dir='ltr'>Notas</span> <span class='ocrx_word' id='word_1_130' title='bbox 953 3289 1182 3367; x_wconf 82' lang='lat' dir='ltr'>chronologicas</span> <span class='ocrx_word' id='word_1_131' title='bbox 1197 3289 1240 3361; x_wconf 89' lang='lat' dir='ltr'>K,</span> <span class='ocrx_word' id='word_1_132' title='bbox 1256 3288 1361 3366; x_wconf 90' lang='lat' dir='ltr'>quibus</span> <span class='ocrx_word' id='word_1_133' title='bbox 1382 3308 1522 3347; x_wconf 83' lang='lat' dir='ltr'>annorum</span> <span class='ocrx_word' id='word_1_134' title='bbox 1537 3289 1738 3367; x_wconf 82' lang='lat' dir='ltr'>aeraevulgaris</span> <span class='ocrx_word' id='word_1_135' title='bbox 1752 3290 1844 3361; x_wconf 86' lang='lat' dir='ltr'>initia,</span> 
     </span>
    </p>
   </div>
   <div class='ocr_carea' id='block_1_7' title="bbox 255 3418 1859 3497">
    <p class='ocr_par' dir='ltr' id='par_1_7' title="bbox 255 3418 1859 3497">
     <span class='ocr_line' id='line_1_14' title="bbox 255 3418 1859 3497; baseline 0.001 -19"><span class='ocrx_word' id='word_1_136' title='bbox 255 3421 283 3478; x_wconf 90' lang='lat' dir='ltr'>in</span> <span class='ocrx_word' id='word_1_137' title='bbox 308 3420 416 3479; x_wconf 87' lang='lat' dir='ltr'>Codice</span> <span class='ocrx_word' id='word_1_138' title='bbox 439 3419 599 3479; x_wconf 84' lang='lat' dir='ltr'>Bodleiano</span> <span class='ocrx_word' id='word_1_139' title='bbox 622 3418 836 3478; x_wconf 85' lang='lat' dir='ltr'>lnisfalensium</span> <span class='ocrx_word' id='word_1_140' title='bbox 856 3428 1071 3497; x_wconf 80' lang='lat' dir='ltr'>computantur,</span> <span class='ocrx_word' id='word_1_141' title='bbox 1101 3439 1236 3479; x_wconf 84' lang='lat' dir='ltr'>erroneas</span> <span class='ocrx_word' id='word_1_142' title='bbox 1260 3438 1334 3490; x_wconf 88' lang='lat' dir='ltr'>esse,</span> <span class='ocrx_word' id='word_1_143' title='bbox 1363 3419 1533 3497; x_wconf 91' lang='lat' dir='ltr'>plemmque</span> <span class='ocrx_word' id='word_1_144' title='bbox 1558 3438 1650 3496; x_wconf 88' lang='lat' dir='ltr'>usque</span> <span class='ocrx_word' id='word_1_145' title='bbox 1677 3418 1714 3477; x_wconf 98' lang='lat' dir='ltr'>ad</span> <span class='ocrx_word' id='word_1_146' title='bbox 1739 3439 1859 3479; x_wconf 86' lang='lat' dir='ltr'>annum.</span> 
     </span>
    </p>
   </div>
   <div class='ocr_carea' id='block_1_8' title="bbox 253 3550 1848 3632">
    <p class='ocr_par' dir='ltr' id='par_1_8' title="bbox 253 3550 1848 3632">
     <span class='ocr_line' id='line_1_15' title="bbox 253 3550 1848 3632; baseline -0.002 -20"><span class='ocrx_word' id='word_1_147' title='bbox 253 3572 318 3612; x_wconf 82' lang='lat' dir='ltr'>aerae</span> <span class='ocrx_word' id='word_1_148' title='bbox 331 3551 462 3628; x_wconf 87' lang='lat' dir='ltr'>ejusdem</span> <span class='ocrx_word' id='word_1_149' title='bbox 471 3556 561 3621; x_wconf 82' lang='lat'>1037,</span> <span class='ocrx_word' id='word_1_150' title='bbox 586 3560 619 3609; x_wconf 90' lang='lat' dir='ltr'>ut</span> <span class='ocrx_word' id='word_1_151' title='bbox 638 3558 721 3628; x_wconf 86' lang='lat' dir='ltr'>patet</span> <span class='ocrx_word' id='word_1_152' title='bbox 742 3571 778 3610; x_wconf 81' lang='lat' dir='ltr'>ex</span> <span class='ocrx_word' id='word_1_153' title='bbox 798 3550 875 3611; x_wconf 83' lang='lat' dir='ltr'>notis</span> <span class='ocrx_word' id='word_1_154' title='bbox 896 3550 1003 3610; x_wconf 86' lang='lat' dir='ltr'>nostris</span> <span class='ocrx_word' id='word_1_155' title='bbox 1026 3551 1065 3609; x_wconf 87' lang='lat' dir='ltr'>ad</span> <span class='ocrx_word' id='word_1_156' title='bbox 1079 3570 1187 3609; x_wconf 87' lang='lat' dir='ltr'>annum</span> <span class='ocrx_word' id='word_1_157' title='bbox 1201 3550 1287 3609; x_wconf 89' lang='lat' dir='ltr'>istum</span> <span class='ocrx_word' id='word_1_158' title='bbox 1303 3550 1457 3632; x_wconf 87' lang='lat' dir='ltr'>appositis,</span> <span class='ocrx_word' id='word_1_159' title='bbox 1481 3569 1549 3628; x_wconf 93' lang='lat' dir='ltr'>pag.</span> <span class='ocrx_word' id='word_1_160' title='bbox 1561 3555 1612 3607; x_wconf 83' lang='grc'>64.</span> <span class='ocrx_word' id='word_1_161' title='bbox 1665 3550 1848 3609; x_wconf 86' lang='lat' dir='ltr'>Revooantur</span> 
     </span>
    </p>
   </div>
   <div class='ocr_carea' id='block_1_9' title="bbox 251 3659 1847 4020">
    <p class='ocr_par' dir='ltr' id='par_1_9' title="bbox 251 3659 1847 4020">
     <span class='ocr_line' id='line_1_16' title="bbox 253 3659 1846 3758; baseline 0.001 -18"><span class='ocrx_word' id='word_1_162' title='bbox 253 3691 351 3741; x_wconf 85' lang='lat' dir='ltr'>autem</span> <span class='ocrx_word' id='word_1_163' title='bbox 365 3681 403 3740; x_wconf 86' lang='lat' dir='ltr'>ad</span> <span class='ocrx_word' id='word_1_164' title='bbox 418 3682 492 3740; x_wconf 78' lang='lat' dir='ltr'>AErae</span> <span class='ocrx_word' id='word_1_165' title='bbox 505 3679 665 3739; x_wconf 91' lang='lat' dir='ltr'>oommunis</span> <span class='ocrx_word' id='word_1_166' title='bbox 679 3680 816 3751; x_wconf 86' lang='lat' dir='ltr'>rationes,</span> <span class='ocrx_word' id='word_1_167' title='bbox 832 3681 856 3737; x_wconf 89' lang='lat' dir='ltr'>si</span> <span class='ocrx_word' id='word_1_168' title='bbox 870 3699 947 3738; x_wconf 83' lang='lat' dir='ltr'>anno</span> <span class='ocrx_word' id='word_1_169' title='bbox 957 3679 1057 3750; x_wconf 83' lang='lat' dir='ltr'>cuivis,</span> <span class='ocrx_word' id='word_1_170' title='bbox 1072 3679 1144 3738; x_wconf 87' lang='lat' dir='ltr'>itae</span> <span class='ocrx_word' id='word_1_171' title='bbox 1158 3659 1223 3739; x_wconf 84' lang='lat' dir='ltr'>loeo</span> <span class='ocrx_word' id='word_1_172' title='bbox 1237 3681 1355 3758; x_wconf 89' lang='lat' dir='ltr'>proprio</span> <span class='ocrx_word' id='word_1_173' title='bbox 1374 3680 1539 3750; x_wconf 83' lang='lat' dir='ltr'>deturbato,</span> <span class='ocrx_word' id='word_1_174' title='bbox 1556 3689 1623 3739; x_wconf 87' lang='lat' dir='ltr'>ante</span> <span class='ocrx_word' id='word_1_175' title='bbox 1638 3685 1846 3751; x_wconf 81' lang='lat' dir='ltr'>annum1037,</span> 
     </span>
     <span class='ocr_line' id='line_1_17' title="bbox 254 3808 1847 3889; baseline -0.002 -20"><span class='ocrx_word' id='word_1_176' title='bbox 254 3809 450 3888; x_wconf 86' lang='lat' dir='ltr'>adjungantur·</span> <span class='ocrx_word' id='word_1_177' title='bbox 463 3810 531 3869; x_wconf 84' lang='lat' dir='ltr'>anni</span> <span class='ocrx_word' id='word_1_178' title='bbox 543 3815 592 3881; x_wconf 82' lang='lat'>17,</span> <span class='ocrx_word' id='word_1_179' title='bbox 607 3810 706 3868; x_wconf 89' lang='lat' dir='ltr'>omissi</span> <span class='ocrx_word' id='word_1_180' title='bbox 719 3829 757 3868; x_wconf 83' lang='lat' dir='ltr'>ex</span> <span class='ocrx_word' id='word_1_181' title='bbox 770 3810 925 3869; x_wconf 86' lang='lat' dir='ltr'>oscitantia</span> <span class='ocrx_word' id='word_1_182' title='bbox 938 3811 982 3869; x_wconf 87' lang='lat' dir='ltr'>vel</span> <span class='ocrx_word' id='word_1_183' title='bbox 997 3809 1162 3888; x_wconf 86' lang='lat' dir='ltr'>ignorantia</span> <span class='ocrx_word' id='word_1_184' title='bbox 1176 3810 1334 3889; x_wconf 84' lang='lat' dir='ltr'>scriptoris.</span> <span class='ocrx_word' id='word_1_185' title='bbox 1387 3808 1584 3870; x_wconf 81' lang='lat' dir='ltr'>Difficultates</span> <span class='ocrx_word' id='word_1_186' title='bbox 1597 3829 1696 3869; x_wconf 93' lang='lat' dir='ltr'>omnes</span> <span class='ocrx_word' id='word_1_187' title='bbox 1715 3809 1847 3869; x_wconf 89' lang='lat' dir='ltr'>Chrono-</span> 
     </span>
     <span class='ocr_line' id='line_1_18' title="bbox 251 3923 1846 4020; baseline 0.001 -24"><span class='ocrx_word' id='word_1_188' title='bbox 251 3938 362 4016; x_wconf 86' lang='lat' dir='ltr'>logicas</span> <span class='ocrx_word' id='word_1_189' title='bbox 375 3940 526 4008; x_wconf 81' lang='lat' dir='ltr'>eliminant</span> <span class='ocrx_word' id='word_1_190' title='bbox 540 3941 616 3999; x_wconf 82' lang='lat' dir='ltr'>Anni</span> <span class='ocrx_word' id='word_1_191' title='bbox 638 3940 753 4000; x_wconf 90' lang='lat' dir='ltr'>anobis</span> <span class='ocrx_word' id='word_1_192' title='bbox 768 3941 895 4020; x_wconf 84' lang='lat' dir='ltr'>appositi</span> <span class='ocrx_word' id='word_1_193' title='bbox 913 3941 950 4000; x_wconf 86' lang='lat' dir='ltr'>ad</span> <span class='ocrx_word' id='word_1_194' title='bbox 966 3941 1142 4018; x_wconf 84' lang='lat' dir='ltr'>Tigemaohi</span> <span class='ocrx_word' id='word_1_195' title='bbox 1156 3941 1309 4020; x_wconf 78' lang='lat' dir='ltr'>margines,</span> <span class='ocrx_word' id='word_1_196' title='bbox 1333 3941 1491 4019; x_wconf 81' lang='lat' dir='ltr'>praesertim</span> <span class='ocrx_word' id='word_1_197' title='bbox 1506 3941 1531 4000; x_wconf 92' lang='lat' dir='ltr'>si</span> <span class='ocrx_word' id='word_1_198' title='bbox 1547 3961 1613 4001; x_wconf 89' lang='lat' dir='ltr'>cum</span> <span class='ocrx_word' id='word_1_199' title='bbox 1634 3939 1718 3999; x_wconf 86' lang='lat' dir='ltr'>annis</span> <span class='ocrx_word' id='word_1_200' title='bbox 1733 3923 1846 3998; x_wconf 90' lang='lat' dir='ltr'>Ultoni·</span> 
     </span>
    </p>
   </div>
   <div class='ocr_carea' id='block_1_10' title="bbox 252 4068 886 4147">
    <p class='ocr_par' dir='ltr' id='par_1_10' title="bbox 252 4068 886 4147">
     <span class='ocr_line' id='line_1_19' title="bbox 252 4068 886 4147; baseline 0.002 -19"><span class='ocrx_word' id='word_1_201' title='bbox 252 4068 374 4141; x_wconf 90' lang='lat' dir='ltr'>ensium,</span> <span class='ocrx_word' id='word_1_202' title='bbox 396 4079 505 4130; x_wconf 88' lang='lat' dir='ltr'>etcum</span> <span class='ocrx_word' id='word_1_203' title='bbox 520 4069 584 4147; x_wconf 83' lang='lat' dir='ltr'>ipso</span> <span class='ocrx_word' id='word_1_204' title='bbox 597 4079 678 4129; x_wconf 81' lang='lat' dir='ltr'>textu</span> <span class='ocrx_word' id='word_1_205' title='bbox 691 4069 886 4131; x_wconf 83' lang='lat' dir='ltr'>conferantur.</span> 
     </span>
    </p>
   </div>
   <div class='ocr_carea' id='block_1_11' title="bbox 0 0 2228 6000">
    <p class='ocr_par' dir='ltr' id='par_1_11' title="bbox 0 0 2228 6000">
     <span class='ocr_line' id='line_1_20' title="bbox 0 0 2228 6000; baseline 0 1"><span class='ocrx_word' id='word_1_206' title='bbox 0 0 2228 6000; x_wconf 95' lang='lat' dir='ltr'> </span> 
     </span>
    </p>
   </div>
  </div>
 </body>
</html>
