4446 6000
361 521 463 624 302
789 546 1050 612 Aurenses
1085 543 1491 613 unromnusns

356 730 498 829 Arrige,
533 724 651 826 corigi
671 723 733 800 Ed
758 723 853 799 itaeb
887 721 1087 812 Certumne,
1124 747 1165 798 co
1182 719 1364 821 fargaiblt
1391 723 1607 797 Muelreclrl.
1629 723 1668 801 in
1688 724 1818 800 tailelrr'
1836 729 1945 800 do.—

360 855 468 932 Gr'lla
486 853 671 929 Mocouna
682 871 760 923 urae
776 847 993 944 Fogurtaig‚
1011 846 1049 918 ai
1063 845 1228 919 deirceirt
1244 846 1357 944 Breg,
1376 847 1458 921 doec
1475 847 1621 921 irrucotl.
1637 849 1710 946 irig
1722 850 1941 924 Maezaei-hl.

362 976 489 1050 iurnol.
511 975 577 1049 leis
593 976 636 1047 do
651 984 737 1046 rata
756 995 804 1044 na
821 968 929 1045 Gattt
941 970 1126 1070 jonorutlr
1143 995 1200 1061 ur,
1222 984 1244 1053 7
1263 974 1392 1069 dagal!
1408 973 1441 1045 ic
1457 969 1612 1069 soirred
1625 973 1882 1071 usatiuglzniblr
1902 976 1942 1046 iu

360 1100 519 1196 undiuig.
575 1097 716 1172 Moind
730 1092 802 1193 sor
818 1096 905 1192 firu
923 1094 1029 1167 Mida
1043 1095 1076 1170 ic
1089 1119 1135 1168 on
1153 1094 1377 1193 Druiglurcn
1397 1095 1454 1167 riu
1471 1119 1495 1168 n
1508 1093 1613 1184 Gall,
1635 1108 1656 1178 7
1675 1096 1842 1194 Luiguib,
1864 1122 1893 1170 c.
1911 1101 1936 1170 l.

360 1222 512 1298 occisis.
531 1223 579 1295 im
597 1220 729 1295 Flainn
747 1243 826 1294 mac
843 1217 1056 1293 traaucem.
1109 1218 1199 1316 Slog
1211 1223 1248 1295 la
1264 1219 1382 1293 Briurr
1398 1242 1437 1292 co
1455 1219 1489 1293 lr.
1510 1219 1545 1292 A
1550 1219 1592 1292 tir
1605 1218 1793 1307 incuirtin,
1816 1246 1850 1293 u.
1864 1221 1886 1293 i.
1904 1246 1939 1318 p.

360 1346 410 1421 iii.
428 1373 476 1422 m.
495 1372 562 1421 ses.
609 1347 727 1423 Creclr
753 1346 882 1419 morlo
901 1343 1056 1417 Murci.
1076 1366 1131 1417 mc
1149 1342 1285 1416 Briuirr
1304 1342 1485 1440 illaiguiu,
1520 1367 1560 1416 co
1586 1367 1628 1416 ro
1651 1344 1730 1416 oirc
1755 1342 1792 1415 iu
1808 1344 1869 1430 tir,
1903 1368 1943 1416 co

361 1471 558 1550 Gleunnda
577 1473 688 1560 locha,
709 1483 731 1552 7
750 1496 790 1544 co
809 1469 889 1544 Ciu
903 1469 1147 1565 Muiglnrenn‚
1169 1479 1192 1547 7
1207 1491 1246 1538 co
1265 1491 1305 1538 ro
1320 1468 1407 1540 loire
1424 1469 1462 1539 iu
1477 1466 1531 1540 tir
1548 1467 1632 1555 uile,
1650 1478 1671 1546 7
1688 1489 1796 1540 coruc
1808 1466 1945 1563 gabala

361 1619 471 1685 mora,
490 1606 513 1676 7
529 1595 652 1669 bruitlr
667 1595 703 1667 di
714 1618 761 1666 ar
778 1592 904 1669 midine.
958 1594 1019 1666 Ar
1036 1590 1129 1666 Gau
1141 1593 1177 1665 lu
1194 1588 1333 1663 Cutha}
1348 1614 1426 1663 urae
1440 1614 1475 1661 rr.
1494 1588 1759 1664 Drunciano
1777 1591 1946 1664 Duibda·

362 1720 511 1794 bairenn
527 1721 575 1792 du
591 1718 746 1791 itorcuir
761 1717 897 1805 Aurlai,
919 1741 997 1790 mac
1014 1714 1167 1790 Sitriuc.
1188 1714 1211 1786 i.
1229 1739 1306 1787 mac
1324 1714 1411 1809 riglr
1428 1712 1531 1800 Gall,
1554 1725 1575 1795 7
1580 1712 1852 1809 Mutlrgumuin
1869 1738 1947 1788 mec
1994 1758 1999 1768 ·

362 1841 565 1940 Duilgitta
582 1865 635 1915 rac
655 1841 780 1915 Amlai
796 1853 815 1920 7
833 1852 898 1913 cet.
947 1838 1085 1912 Mnirrd
1097 1835 1172 1937 for
1191 1835 1379 1910 Corrnoclrt
1400 1839 1481 1910 riou
1511 1862 1560 1911 ua
1587 1837 1832 1926 Maeldorm'd,
1869 1840 1948 1912 dui

367 1965 508 2038 torcuir
526 1963 685 2037 Domlm.
706 1986 784 2036 mac
817 1960 978 2048 Cornell,
1012 1961 1195 2034 Ilidmurra
1217 1959 1418 2034 Counuclrt.
1471 1959 1717 2036 Murcertacr
1747 1984 1824 2033 mue
1840 1963 1947 2034 Aeria

364 2085 397 2158 lr.
417 2085 524 2160 Neill
541 2083 710 2158 doruurblr
731 2086 777 2158 do
812 2084 1018 2158 Dalriutai.
1075 2084 1250 2180 Deiageu
1275 2084 1394 2159 imula
1423 2086 1464 2158 do
1488 2084 1641 2160 deuamb
1675 2087 1713 2158 la
1746 2083 1869 2159 Briau
1904 2084 1942 2156 ‘i‘

367 2207 525 2283 Cutlair
543 2207 801 2296 Circaeos-aiud,
832 2207 1208 2297 rluirGatltduibt,
1242 2209 1369 2288 7Inir
1399 2207 1723 2305 locha-suinglcrm,
1757 2207 1890 2306 Luiug,
1920 2218 1945 2289 7

367 2331 475 2410 Guill
491 2334 533 2406 do
550 2331 712 2406 cloclad
711 2331 782 2428 fri
799 2332 930 2421 Briau,
952 2344 972 2412 7
984 2329 1216 2428 jorbaisfer
1230 2332 1401 2421 Aluntur,
1421 2345 1441 2413 7
1462 2333 1584 2406 Briau
1613 2335 1647 2406 ic
1669 2331 1769 2406 uteie
1788 2332 1944 2420 muirecr}

366 2481 450 2532 coro
465 2457 622 2530 interiret
638 2455 803 2552 Luigrriu
814 2478 854 2528 co
871 2456 906 2528 lt..
928 2454 1160 2530 Athacliatlr.
1189 2456 1458 2530 Moclreclrlaiu
1477 2457 1649 2530 domarhlr
1659 2459 1707 2530 -do
1720 2456 1814 2534 Gau
1826 2458 1948 2533 Arra·

371 2580 495 2654 cliutlr.
547 2579 764 2676 [Exercitus
793 2582 929 2653 ductus
954 2602 977 2650 a
1000 2577 1305 2652 Maelsechlanrro
1328 2578 1604 2671 'l'ircouailiunn
1629 2580 1677 2654 ad
1693 2582 1948 2656 ulciscendam

368 2702 594 2792 violentiam,
615 2728 692 2799 qua
708 2703 957 2801 reliquiarium
980 2702 1131 2777 Patricii
1155 2717 1373 2776 temeratum
1391 2701 1477 2788 fuit,
1505 2717 1543 2777 et
1561 2703 1741 2780 Baculunr
1760 2705 1839 2804 ejus
1860 2706 1949 2780 Pas·

370 2827 486 2901 torale
503 2824 662 2901 fractum
682 2826 809 2920 abeis,
830 2828 869 2902 in
889 2828 1154 2902 Consentione
1171 2826 1302 2901 habita
1320 2826 1417 2899 iuter
1445 2827 1686 2903 Malururium
1705 2845 1743 2905 et
1761 2831 1948 2905 Brianum.

370 2949 568 3025 Exercitus
586 2953 895 3050 magnusductus
913 2951 960 3026 ab
978 2951 1167 3051 Ualgarco
1185 2950 1423 3041 O'Ciarrlaiu,
1460 2951 1563 3050 Rege
1577 2952 1743 3042 Carbrei,
1780 2966 1819 3028 et
1834 2978 1858 3026 a
1874 2952 1951 3027 filio

373 3074 692 3166 NeilliO'Ruarc‚
710 3077 945 3177 Galeugiaor‚
963 3078 1083 3151 donec
1099 3076 1581 3175 eisseopposueruntelecti
1595 3079 1816 3152 asseclarum
1832 3078 1952 3155 Mael-

372 3194 574 3289 sechlaani,
596 3202 661 3298 qui
686 3200 864 3276 ebrietate
881 3200 1076 3291 ferventes,
1114 3203 1294 3299 impetum
1325 3199 1362 3272 in
1392 3223 1454 3273 eos
1481 3199 1652 3276 fecerunt
1670 3228 1743 3301 prae
1768 3203 1948 3303 superbia,

371 3321 426 3397 ita
443 3337 488 3396 ut
505 3324 619 3397 occisi
633 3323 776 3398 fuerint
793 3325 1016 3416 Donuchnd‚
1035 3325 1132 3399 filius
1152 3323 1379 3398 Donnelradi
1397 3324 1482 3415 albi,
1495 3323 1647 3400 futurus
1658 3327 1739 3400 Rex
1755 3329 1790 3400 T
1790 3329 1946 3415 emoriae,

368 3457 410 3519 et
429 3445 621 3520 Cernacan
647 3446 745 3520 filins
762 3447 905 3535 Flanrri,
936 3446 1019 3520 Rex
1047 3447 1296 3545 Lugneorum,
1317 3461 1355 3521 et
1372 3448 1492 3523 Senan
1508 3448 1691 3539 O'Leocq
1708 3450 1790 3523 Rex
1809 3450 1949 3522 Galen·

373 3568 456 3666 giae,
477 3569 590 3643 etalii
609 3571 729 3645 multi.
783 3570 1035 3647 Maelsechlan
1051 3586 1178 3669 postea
1195 3573 1422 3670 supervenit,
1443 3586 1481 3647 et
1497 3574 1726 3672 recuperavit
1740 3573 1889 3673 praedas‚
1910 3587 1952 3647 et

372 3693 515 3768 occidit
533 3693 696 3794 Ualgarc
713 3696 907 3786 O’Ciarda,
932 3696 1071 3795 Regem
1090 3695 1121 3769 C
1124 3694 1249 3786 arbrei,
1272 3708 1309 3768 et
1327 3695 1389 3769 alii
1407 3696 1516 3770 multi
1536 3696 1803 3794 (ceciderunt.)
1834 3697 1953 3771 Exer-

371 3815 470 3891 citus
487 3817 897 3895 ductusaFlahertaco
925 3821 1028 3918 Rege
1055 3818 1221 3909 Alichiae,
1260 3842 1375 3914 usque
1393 3819 1581 3916 regionem
1601 3819 1671 3910 Exi,
1708 3845 1820 3919 prope
1837 3820 1950 3909 Kells,

370 3940 495 4017 donec
521 3942 774 4018 Maelsechlan
793 3943 990 4041 dereliquit
1013 3942 1046 4017 ei
1067 3941 1217 4041 prendas.
1270 3942 1406 4015 Gildas
1434 3940 1655 4017 Mochoona
1684 3944 1785 4018 filius
1817 3945 1953 4042 Fogar·

370 4065 462 4163 tagi,
484 4065 566 4140 Rex
582 4067 752 4141 australis
771 4067 924 4166 Bregiae,
960 4065 1056 4140 obiit
1079 4064 1119 4138 in
1135 4089 1278 4154 somno,
1315 4063 1354 4137 in
1379 4063 1492 4137 domo
1513 4065 1818 4156 Maelsechlanni,
1852 4080 1952 4164 post·

374 4210 487 4281 quam
514 4187 552 4258 ri
574 4190 761 4286 coegisset
790 4189 1040 4288 Alienigenas‚
1077 4202 1121 4261 ut
1142 4199 1287 4261 ararent
1311 4187 1527 4287 corporibus
1545 4188 1632 4274 suis,
1662 4203 1773 4284 atque
1803 4200 1843 4261 ut
1860 4187 1947 4273 cluo,

372 4306 523 4382 dentale
557 4307 752 4400 trahentes,
790 4327 952 4386 aratrum
986 4326 1239 4409 sequerentur.
1310 4311 1480 4386 Victoria
1509 4311 1555 4385 de
1592 4310 1825 4383 Midensilrus
1853 4308 1952 4406 apud

374 4433 566 4532 Dragnen,
595 4426 700 4531 parta
719 4453 781 4528 per
797 4434 1046 4531 Alienigenas,
1075 4447 1113 4508 et
1130 4433 1384 4533 Lagenienses‚
1415 4434 1479 4508 ubi
1495 4461 1527 4508 c.
1543 4435 1567 4508 l.
1594 4434 1707 4508 occisi
1734 4447 1833 4520 sunt,
1864 4456 1953 4505 eum
2012 4447 2013 4450 ’

371 4555 514 4630 Flanno
539 4555 617 4629 lilio
636 4553 940 4628 Maelsechlanni.
994 4555 1193 4630 Exercitus
1225 4581 1247 4631 a
1274 4556 1410 4632 Brinno
1437 4556 1575 4631 ductus
1599 4579 1712 4653 osque
1739 4555 1786 4629 ad
1814 4555 1953 4627 vadum

375 4680 546 4755 Officinae
563 4678 732 4767 ferrariae,
755 4675 817 4750 ubi
847 4700 1068 4775 permenses
1096 4693 1168 4754 tres
1198 4681 1384 4759 remansit.
1437 4680 1636 4754 Exercitus
1667 4680 1800 4778 ingens
1818 4679 1954 4752 ductus

370 4824 396 4875 a
413 4799 624 4875 Murclrado
649 4801 726 4876 lilio
757 4800 879 4877 Briani
902 4799 1114 4898 Ingeniam,
1150 4805 1312 4876 vastavit
1343 4803 1533 4903 regionem
1565 4828 1681 4900 usque
1710 4797 1953 4888 Glindaloch,
