4446 6000
618 569 1056 639 annornrronns
1098 572 1172 634 nn
1212 571 1330 634 sinc.
1353 569 1484 635 v111.
1772 541 1885 650 ,137

352 748 499 832 cogitosus
513 754 668 812 Ecclesiam
683 754 892 824 Kildarensem,
906 771 924 810 e
941 753 1031 823 mille,
1042 753 1180 824 ducentis,
1194 755 1356 833 etamplius
1370 756 1459 823 annis,
1473 753 1516 813 his
1525 752 1614 811 verbis
1628 748 1749 828 pulchre
1762 750 1887 827 descrip-

316 859 354 920 sit
368 880 393 918 c.
404 864 454 918 ³5.
496 863 515 892 “
528 859 662 936 Episcopi
675 859 825 928 Conlaeth,
839 871 869 916 et
886 858 916 914 S.
930 857 1048 932 Brigidae
1061 875 1191 934 corpore,
1207 879 1225 915 a
1239 859 1358 927 dextris,
1378 871 1439 916 eta
1452 857 1569 916 sinistris
1586 856 1683 914 altaris
1695 856 1834 924 decorati,
1858 856 1888 911 in

314 959 333 996 ²⁴
354 962 543 1019 monumentis
556 963 648 1040 posita
668 963 784 1032 ornatis,
800 963 877 1019 vario
892 962 972 1019 cultu
994 962 1069 1030 auri,
1090 973 1120 1018 et
1132 963 1249 1037 argenti,
1268 974 1297 1020 et
1309 973 1532 1039 gemmarum‚et
1544 960 1657 1037 pretiosi
1671 958 1779 1034 lapidis,
1800 970 1889 1033 atque

312 1069 332 1098 ‘⁴
352 1065 465 1124 coronis
477 1067 581 1136 aureis,
590 1078 620 1124 et
631 1066 780 1141 argenteis,
790 1068 909 1142 desuper
920 1066 1119 1142 pendentibus,
1131 1064 1319 1140 requiescunt.
1354 1066 1485 1123 Ecclesia
1498 1083 1630 1142 namque,
1644 1065 1704 1121 solo
1717 1063 1850 1139 spatiosa,
1860 1072 1891 1123 et

313 1173 333 1205 ⁴‘
352 1168 383 1226 in
394 1170 484 1228 altum
498 1171 602 1228 minaci
616 1171 786 1246 pmceritate
800 1181 941 1245 porrecta,
968 1187 1003 1226 sc
1017 1169 1154 1226 decorata
1163 1169 1247 1244 pictis
1261 1169 1370 1240 tubulis,
1389 1171 1444 1227 tria
1457 1171 1625 1228 intrinsecus
1640 1169 1746 1226 habens
1765 1167 1892 1226 oratoria

313 1278 333 1309 '‘
354 1276 459 1352 ampla,
480 1285 510 1333 et
524 1275 612 1332 divisa
624 1273 779 1350 parietibus
793 1272 937 1340 tabulatis,
958 1274 1011 1328 sub
1025 1291 1082 1328 uno
1101 1273 1225 1330 culmine
1243 1275 1357 1348 majoris
1375 1274 1531 1346 domus-in
1546 1294 1603 1351 qna
1616 1292 1687 1331 unus
1698 1272 1788 1350 paries
1801 1272 1889 1328 deco·

211 1388 217 1395 “
313 1383 333 1413 “
351 1391 443 1449 retus,
462 1390 491 1437 at
515 1378 682 1454 imaginibus
696 1378 836 1454 depictus,
856 1396 892 1435 ec
915 1375 1125 1434 linteaminibus
1148 1386 1244 1435 textus
1268 1396 1319 1453 per
1340 1378 1530 1446 latitudinem,
1545 1377 1575 1434 in
1596 1375 1736 1435 Orientali
1756 1374 1890 1431 Ecclesia

312 1487 334 1518 “
351 1492 446 1562 parte,
465 1501 483 1539 a
501 1483 608 1558 pariete
628 1482 665 1540 ed
690 1481 811 1539 alterum
825 1482 962 1557 parietem
977 1482 1113 1540 Ecclesiae
1125 1502 1155 1539 se
1166 1483 1293 1552 tetendit,
1307 1483 1355 1558 qui
1370 1483 1399 1539 in
1416 1481 1472 1539 suis
1485 1480 1716 1539 extremitatibus
1734 1480 1792 1535 duo
1805 1475 1890 1534 habet

313 1590 333 1620 “
354 1586 437 1654 ostia,
451 1597 481 1644 et
496 1604 648 1663 perunum
665 1586 770 1642 ostium
788 1586 818 1641 in
832 1588 935 1642 dextra
949 1598 1031 1661 parte
1053 1588 1186 1662 positum,
1201 1587 1309 1644 intrant
1330 1588 1358 1643 in
1373 1585 1574 1643 Sanctuarium
1587 1585 1623 1639 ad
1645 1582 1744 1649 altare,
1756 1580 1892 1638 Summus

312 1694 333 1724 “
352 1691 486 1750 Pontifex
500 1709 567 1748 cum
583 1708 636 1746 sua
653 1687 774 1763 regulari
801 1688 916 1755 Schola,
943 1698 974 1746 et
996 1691 1043 1764 qui
1062 1689 1148 1746 sacris
1172 1701 1238 1746 sunt
1259 1692 1389 1772 deputati
1410 1689 1580 1758 ministeriis,
1599 1705 1681 1745 secra
1693 1695 1722 1743 et
1739 1684 1891 1743 Dominica

314 1801 334 1830 ‘⁴
355 1795 502 1853 immolare
515 1793 665 1861 sacrificia,
685 1801 715 1849 et
732 1811 783 1867 per
794 1791 915 1849 alterum
927 1792 1042 1861 ostium,
1055 1794 1085 1849 in
1098 1794 1210 1850 sinistra
1223 1805 1302 1870 parte
1316 1795 1430 1871 parietis
1440 1793 1597 1871 supradicti
1618 1803 1647 1848 ct
1669 1789 1819 1860 transversi
1841 1806 1892 1864 po·

314 1904 335 1933 ⁴⁴
356 1899 611 1968 situm,Abbatissa
624 1915 691 1953 curn
704 1896 761 1953 suis
773 1895 887 1972 puellis,
906 1905 935 1952 et
947 1897 1038 1953 viduis
1052 1897 1193 1965 fidelibus,
1207 1904 1318 1955 tantum
1332 1899 1449 1966 intrant,
1463 1909 1496 1955 ut
1508 1896 1637 1954 convivio
1650 1895 1776 1970 corporis
1789 1905 1818 1952 et
1831 1912 1896 1951 san·
1953 1933 1961 1948 .,

313 2005 333 2036 “
353 2002 444 2077 guinis
456 2000 586 2059 truantur
598 2000 746 2060 J.Cbristi.
773 2000 855 2057 Alius
869 2019 935 2056 vero
948 2000 1049 2076 paries,
1063 1999 1258 2074 pavimentum
1272 2000 1372 2059 domus
1383 2002 1411 2060 in
1426 2002 1496 2058 duas
1505 2000 1627 2077 aeqnales
1641 2000 1767 2057 dividens
1786 2009 1891 2074 partes,

314 2111 333 2140 ‘⁶
355 2116 465 2183 sparte
478 2105 631 2174 Orientali,
657 2123 744 2179 usque
764 2104 800 2162 ed
816 2114 1003 2162 transversum
1017 2104 1047 2160 in
1070 2104 1221 2163 latitudine
1235 2106 1383 2181 parietem,
1404 2117 1537 2163 extensus
1549 2116 1601 2174 est,
1624 2114 1653 2160 et
1667 2105 1727 2161 haec
1744 2112 1822 2162 tenet
1836 2103 1892 2160 Ec·

315 2213 336 2244 “
357 2210 482 2268 clesiain
496 2229 525 2267 se
539 2210 643 2268 multas
656 2210 801 2279 fenestras,
825 2220 855 2267 et
869 2227 956 2268 unam
977 2209 1007 2264 in
1029 2207 1121 2265 latere
1141 2209 1263 2265 dextero
1286 2218 1416 2265 ornatam
1438 2221 1560 2284 portam,
1572 2218 1624 2285 'per
1636 2228 1722 2283 quem
1736 2209 1895 2284 Virginem,

315 2319 386 2371 “et
410 2314 536 2372 fidelium
562 2313 738 2371 seminarum
762 2312 943 2389 congregatio
962 2311 1069 2368 intrare
1092 2309 1174 2378 solet,
1206 2311 1297 2367 etsie
1324 2310 1354 2366 in
1377 2329 1435 2367 una
1474 2311 1595 2368 Basilica
1621 2313 1756 2380 maxime,
1771 2313 1895 2389 populus

313 2421 337 2450 ⁸⁴
356 2416 470 2491 grandis
491 2416 521 2471 in
534 2416 643 2484 ordine,
660 2426 689 2472 et
709 2415 850 2491 gradibus,
871 2428 901 2473 et
919 2434 999 2480 sexu,
1014 2425 1043 2471 et
1067 2411 1136 2470 locis
1157 2413 1282 2484 diversis,
1310 2413 1465 2488 interjectis
1479 2414 1551 2471 inter
1565 2433 1594 2471 so
1608 2416 1771 2491 perietibus,
1784 2416 1895 2475 diverso

315 2521 338 2552 ·“
358 2518 466 2587 ordine,
491 2529 521 2576 et
539 2537 598 2576 uno
608 2518 715 2588 animo,
730 2519 817 2575 Dom.
830 2517 1062 2595 Omnipotentem
1086 2516 1255 2590 orant.''(t)

536 2694 609 2734 HEC
632 2694 799 2735 BCCLESIAE
827 2694 1064 2735 xtnnnnertsls
1092 2694 1298 2737 DESCRIPTIO
1316 2695 1416 2740 Quam
1434 2687 1486 2736 sti
1511 2695 1680 2742 ANTIQUA.

359 2803 428 2860 Non
451 2805 548 2879 ignoro
561 2801 685 2879 Cogitosi
703 2803 785 2881 Opus
796 2823 815 2861 e
827 2804 997 2880 quibusdam
1012 2806 1218 2864 recentioribus
1239 2806 1344 2881 respui,
1364 2815 1397 2862 ut
1410 2805 1574 2882 posterioris
1587 2807 1636 2862 teri
1650 2807 1826 2882 figmentum.
1849 2810 1895 2880 (.)

317 2910 359 2964 At
371 2919 448 2967 certe
462 2909 540 2966 nulla
559 2910 616 2967 alia
633 2909 668 2966 de
681 2929 777 2980 causa,
790 2911 842 2967 nisi
861 2911 927 2987 quia
939 2911 1001 2968 haec
1017 2911 1156 2970 Ecclesiae
1182 2909 1355 2968 Kildarensis
1372 2910 1537 2984 descriptio,
1552 2912 1707 2984 posteriora
1717 2912 1821 2968 saecula
1834 2912 1899 2985 ipsis

316 3013 449 3071 redolere
463 3014 586 3072 ridetur!
630 3016 698 3071 Non
709 3016 749 3071 ita
761 3027 855 3073 tamen
868 3017 1031 3074 doctissimo
1041 3017 1145 3074 Vossio
1158 3016 1248 3073 risum
1259 3025 1312 3084 cst,
1326 3013 1373 3090 qui
1386 3013 1512 3087 Cogitosi
1527 3033 1607 3090 opus,
1621 3015 1762 3071 aCanisio
1777 3015 1897 3078 editum,

314 3117 395 3174 ualde
408 3117 546 3192 antiquum
560 3135 626 3185 ease,
640 3136 761 3174 asserere
775 3138 832 3176 non
841 3120 991 3178 dubitavit.
1013 3126 1032 3154 ‘⁴
1044 3119 1191 3196 Quidquid
1202 3129 1253 3188 est,
1269 3117 1371 3193 inquit,
1386 3116 1467 3174 valde
1481 3118 1628 3193 antiquum
1642 3136 1701 3174 esso
1716 3118 1899 3193 Scriptorcm,

317 3240 353 3279 ex
368 3240 424 3278 non
438 3239 494 3277 uno
509 3220 574 3277 loco
594 3221 765 3297 colligitur.''
778 3224 975 3294 (3)-Eadcm
990 3220 1106 3283 tradunt
1120 3223 1282 3280 Passerinus
1296 3225 1326 3279 in
1340 3225 1489 3298 Apparutu
1502 3222 1601 3293 Sacro,
1627 3222 1750 3280 ll'aroerrs
1774 3225 1802 3280 in
1822 3224 1895 3281 libro

319 3323 354 3379 de
366 3323 558 3398 scriptoribus
573 3323 742 3393 Hibernicis,
757 3325 960 3385 Nicholsonius
972 3328 1000 3385 in
1021 3329 1210 3393 Bibliotheca,
1224 3329 1270 3401 (4)
1294 3323 1496 3401 Messingham,
1510 3324 1628 3400 Colgan,
1642 3325 1741 3396 etalii,
1763 3327 1810 3401 qui
1839 3345 1899 3384 onr-

319 3425 367 3485 uia
381 3426 477 3503 Opera
493 3437 613 3493 vetusta,
635 3429 724 3505 apari
739 3431 899 3507 respuenda
912 3429 973 3490 sore
987 3432 1199 3498 intellexerunt,
1220 3431 1242 3488 si
1258 3431 1419 3488 inordinata
1431 3430 1486 3487 ista
1498 3429 1649 3487 damnandi
1663 3430 1761 3500 libido,
1776 3431 1901 3488 Saniorae

320 3528 442 3589 Critices
465 3531 601 3600 terminis,
627 3542 657 3589 et
678 3533 779 3609 regulis
804 3535 930 3592 cobiberi
951 3544 1105 3605 recusaret,
1126 3536 1173 3593 vel
1194 3554 1231 3592 ex
1246 3546 1305 3592 tarn
1327 3534 1381 3591 levi
1401 3535 1621 3592 semidoctorum
1634 3536 1811 3610 conjectum,
1833 3553 1901 3592 auc·

320 3634 418 3691 toritas
432 3636 619 3694 Vetustorum
639 3637 794 3711 rejicienda
806 3639 1234 3705 censeretur.-Proculdubio,
1254 3640 1277 3696 si
1297 3638 1444 3714 Cogitosns
1466 3638 1638 3696 Kildarensis
1653 3636 1791 3696 Ecclesia*
1813 3640 1903 3698 senes-

319 3746 388 3806 tras,
402 3739 475 3793 citro
495 3739 660 3796 cancellatas
686 3740 769 3798 fnisse
787 3742 957 3814 jactitasset,
973 3744 1106 3800 historica
1119 3753 1181 3800 tum
1195 3743 1378 3800 exhiberetur
1402 3743 1485 3810 ratio,
1508 3759 1561 3798 cur
1582 3759 1652 3816 opus
1666 3742 1740 3798 istud
1755 3761 1811 3798 uon
1834 3755 1900 3799 ante

320 3838 425 3895 Saeculi
440 3840 510 3895 Vlll
525 3841 639 3898 initium
651 3843 787 3919 scripturn
802 3843 886 3902 fuisse
906 3846 1075 3913 diceremus,
1100 3844 1176 3902 Beda
1189 3845 1265 3902 enim
1284 3845 1368 3921 plane
1387 3847 1478 3921 inquit
1490 3845 1677 3902 Benedictnm
1693 3846 1806 3920 biscop,
1829 3847 1899 3903 Gal·

320 3939 373 3998 lias
386 3952 528 4017 petentem
541 3940 914 4016 ann067d‚Caementarios,
928 3948 976 4024 qui
988 3948 1130 4026 lapideum
1146 3947 1315 4018 Ecclesiam,
1332 3948 1421 4021 juxta
1432 3948 1625 4005 Romanorum
1640 3966 1746 4004 moram
1763 3948 1898 4015 facerent,

324 4045 479 4114 reduxisse,
502 4056 532 4103 et
553 4050 572 4077 “
587 4047 662 4103 intra
681 4048 765 4105 unius
780 4051 846 4106 anni
860 4051 1012 4122 circulum,
1037 4053 1190 4111 Missurum
1219 4053 1288 4111 inibi
1313 4052 1452 4110 solemnia
1470 4051 1607 4107 celebrari
1627 4048 1742 4120 rideres,
1763 4063 1792 4110 ct
1806 4053 1901 4127 proxi·

322 4153 342 4184 ‘⁸
364 4160 460 4209 mente
483 4150 520 4208 ad
541 4150 699 4227 perfectum
724 4169 822 4229 opere,
853 4153 929 4211 misit
949 4155 1111 4229 legatarios
1132 4154 1269 4225 Galliam,
1294 4156 1342 4230 qui
1356 4154 1424 4211 vitri
1438 4151 1577 4231 factores,
1611 4153 1744 4216 Artifices
1769 4157 1902 4217 videlicet

341 4453 387 4514 (1)
405 4456 504 4520 cogitosi
516 4457 546 4505 de
557 4457 615 4505 Vita
626 4456 650 4506 S.
661 4457 768 4524 Brigidre
779 4458 938 4509 adiecerint
948 4458 1030 4522 Antiq.
1043 4459 1110 4508 Lect.
1123 4467 1141 4507 t.
1152 4478 1176 4517 v,
1187 4475 1241 4525 pag.
1252 4464 1308 4516 ⁶2³,
1318 4469 1343 4508 ct
1353 4458 1467 4523 integrius
1477 4461 1541 4523 spnd
1551 4458 1644 4525 Colgen
1654 4462 1678 4511 in
1688 4463 1784 4511 Trisde.

340 4533 385 4596 (t)
403 4535 512 4585 Iaedmicb
524 4536 675 4601 Antiquities.
757 4541 800 4602 (3)
816 4541 841 4588 J.
853 4541 972 4589 Glerardi
985 4541 1056 4589 Verrii
1066 4541 1097 4589 de
1110 4541 1233 4591 Historicis
1244 4541 1334 4591 Latinis
1345 4543 1361 4590 l.
1369 4546 1393 4598 3,
1405 4558 1458 4606 pag.
1471 4547 1527 4597 624,
1539 4543 1576 4590 vel
1588 4559 1644 4606 pag.
1650 4547 1707 4598 699,
1714 4543 1773 4590 edit.
1787 4544 1858 4589 1651.

341 4613 385 4671 (4)
405 4613 489 4663 Waraei
500 4616 627 4682 descript.
640 4620 698 4670 Hib.
712 4621 728 4668 l.
740 4626 763 4678 1,
771 4637 794 4671 c.
806 4626 831 4678 2,
841 4629 867 4671 et
877 4621 901 4670 in
911 4622 1012 4673 Hatrisii
1022 4621 1129 4671 editione
1140 4622 1232 4672 Dublin
1244 4627 1316 4681 1246,
1328 4639 1382 4688 pag.
1393 4627 1432 4673 14.
1479 4622 1621 4672 lt'iclotsrnti
1632 4622 1692 4672 lrislr
1704 4621 1767 4671 Hist.
1780 4621 1881 4689 Library

343 4699 368 4739 et
377 4689 470 4756 cotgsn
481 4709 536 4759 pag.
543 4701 601 4747 518.
