4446 6000
377 487 486 591 ’368
822 509 1079 579 antennas
1120 461 1523 573 unroxrausrrs.

382 693 609 794 Muredagio
632 692 734 789 Rege
754 688 962 779 Ciaradiae,
981 713 1067 763 cum
1096 712 1163 761 suo
1180 669 1271 760 lilio
1289 697 1327 760 et
1357 684 1446 771 aliis,
1477 693 1515 754 et
1540 673 1667 755 multis
1688 684 1849 781 optimis,
1869 712 1974 784 quos

377 817 568 895 brevitatis
600 838 710 890 eausa
742 811 897 886 scribere
935 811 1238 908 praetermisimus.
1317 809 1466 881 Reversi
1508 819 1596 879 sunt
1622 808 1848 884 Tironenses
1877 838 1971 886 cum

380 937 666 1042 septentrionale
695 935 882 1023 Hibernia,
913 959 999 1006 cum
1033 933 1285 1006 dominatione
1301 955 1444 1027 magna,
1477 942 1515 1026 et
1542 954 1629 1003 eum
1656 931 1763 1005 rebus
1793 934 1966 1029 pretiosis
2032 970 2037 978 ·

380 1062 557 1163 plurimis,
582 1060 690 1132 simul
716 1082 802 1148 cum
826 1055 1024 1154 papillione
1043 1055 1170 1152 Regia,
1201 1068 1340 1127 etcum
1358 1052 1513 1142 vexillis,
1535 1069 1572 1128 et
1589 1057 1867 1155 cumpluribus
1882 1058 1969 1131 aliis

382 1186 493 1261 rebus
512 1182 679 1281 pretiosis
694 1181 869 1254 similiter.
925 1181 1091 1275 Magnus
1118 1179 1200 1251 Rex
1215 1177 1409 1251 Danorum
1424 1178 1681 1253 occisus.dum
1697 1194 1855 1254 vastaret
1870 1207 1959 1256 cum
2024 1223 2026 1227 >

383 1298 604 1383 exercituin
623 1305 787 1379 Ultonia.
812 1304 872 1399 (l)
930 1301 1113 1375 Cathalan
1145 1301 1242 1373 filius
1262 1300 1393 1373 Senani
1422 1300 1567 1374 occisus
1586 1326 1609 1374 a
1626 1302 1799 1376 Carbreo.
1853 1304 1961 1376 Mur-

382 1422 479 1497 ehad
499 1419 751 1494 O'Flatheean
789 1418 1012 1516 Praepositus
1044 1415 1276 1503 Ardbornsis,
1313 1418 1454 1514 sapiens
1482 1422 1645 1514 scientia,
1683 1438 1722 1497 et
1754 1424 1971 1522 prudentia.

383 1561 421 1623 et
432 1547 598 1645 ingenio]
614 1543 962 1643 inperegtinatione
979 1565 1045 1613 sua
1062 1538 1220 1613 feliciter
1237 1539 1382 1613 obiitin
1399 1544 1636 1618 Ardmaeha..
1700 1556 1701 1560 ’

301 1758 302 1762 ¹
381 1664 456 1751 stlta
488 1670 631 1763 mitt.
684 1668 765 1740 Kal.
780 1667 864 1739 Jan.
878 1664 942 1739 fer.
953 1665 1001 1736 vi.
1021 1662 1113 1735 Lun.
1128 1665 1149 1736 i.
1199 1664 1452 1739 ‘Fet'dblimidb
1472 1693 1515 1739 m.
1538 1667 1676 1742 Flaind
1700 1670 1967 1761 Meinistreclr,
2024 1660 2026 1664 ’

378 1790 509 1890 [Felim
526 1791 621 1867 filius
634 1790 762 1864 Flauni
784 1787 1001 1862 Monasterii
1020 1786 1204 1879 Butensis]
1230 1787 1333 1860 miles
1349 1789 1511 1886 optimus
1528 1791 1615 1888 Xpi,
1637 1793 1677 1864 in
1695 1816 1788 1890 pace
1806 1794 1968 1889 quievit.

381 1915 524 1990 Maind
539 1916 622 1987 rien
641 1912 807 1986 Ulltot'blr
830 1907 899 2006 sor
916 1911 1178 1999 Dalnuraidbe,
1200 1912 1213 1982 i
1231 1913 1817 1989 torcoir-Dubcennt.1)amani
1832 1912 1965 2012 frith-

380 2039 510 2136 glrur'rr.
534 2034 682 2108 Concob.
694 2061 737 2108 m.
749 2034 883 2106 Maelo.
895 2033 929 2105 ri
948 2031 1196 2105 Corcmbruad
1210 2058 1256 2106 rn.
1270 2058 1298 2106 e.
1354 2035 1451 2111 Moe
1465 2037 1563 2110 aad.
1574 2035 1721 2110 aidhebe
1732 2038 1770 2109 lt.
1782 2037 1930 2112 Redire
1945 2063 1969 2111 a

384 2186 429 2235 ss.
450 2159 495 2232 fr.
514 2185 546 2233 o.
559 2183 589 2232 e.
608 2158 718 2253 Sloglr
737 2161 773 2229 lo
788 2155 1036 2228 Murcertaclr
1053 2155 1086 2226 t.
1098 2181 1141 2228 m.
1152 2157 1285 2230 Brior'n
1301 2181 1340 2230 co
1358 2161 1469 2254 magle
1485 2160 1747 2247 Muirtembne,
1765 2185 1804 2232 co
1822 2185 1862 2233 ro
1870 2163 1967 2234 mill·

382 2297 437 2357 set
455 2282 613 2358 trebaire
630 2283 668 2353 in
686 2280 856 2376 mloiglti,
896 2291 917 2357 7
938 2279 1006 2350 isin
1026 2280 1174 2375 tsluagb
1198 2281 1255 2353 sira
1285 2306 1326 2354 ro
1353 2282 1504 2355 berctrid
1531 2281 1588 2356 Cu
1608 2283 1668 2374 Ul.
1688 2282 1720 2353 t.
1743 2281 1968 2356 Caindelbon

382 2433 413 2482 r.
435 2409 614 2504 Loegaire
640 2428 706 2477 eon
726 2401 889 2476 -derbailt
909 2402 976 2474 de.»
1003 2399 1124 2497 ,Stogl
1141 2406 1178 2474 lo
1198 2402 1329 2476 Domlr.
1350 2405 1384 2477 lt.
1404 2404 1527 2479 Loclrl.
1548 2429 1588 2477 eo
1606 2405 1715 2501 mogb
1736 2405 1832 2483 Ceba
1850 2429 1888 2478 co
1908 2420 1972 2480 tue

382 2532 502 2629 giallu
519 2530 579 2603 Ul.
600 2541 622 2609 7
642 2552 705 2601 con
720 2527 823 2600 deoelr
840 2550 878 2599 co
894 2528 1008 2598 Temr.
1025 2550 1106 2600 coro
1125 2528 1209 2601 loire
1228 2527 1345 2602 bloidb
1362 2529 1454 2601 moir
1471 2528 1512 2599 do
1532 2528 1718 2623 Loegoire,
1752 2539 1775 2607 7
1792 2552 1831 2600 eo
1850 2531 1969 2602 torsit

385 2656 421 2728 T
416 2677 560 2726 ermomr
593 2651 696 2726 doiblr
730 2649 897 2723 arrhene.
952 2650 1103 2723 Cormae
1119 2650 1153 2722 b.
1172 2650 1340 2728 Cormoic
1359 2650 1489 2724 toireeb
1522 2650 1795 2724 Monaeltdoec'.
1817 2651 1968 2725 Dunelr.

389 2775 425 2846 b.
440 2772 590 2848 Concob.
624 2774 660 2845 rr'
695 2769 1118 2845 Ciannaclrtauomarbl
1150 2774 1210 2845 dia
1244 2773 1412 2856 dboim'blr
1432 2771 1531 2870 sein.
1586 2773 1773 2867 [Victoria
1790 2786 1892 2871 parta
1906 2796 1972 2870 pet·

384 2899 625 2974 Ultonienses
649 2897 695 2969 de
715 2895 960 2984 Dalnaradiis,
992 2896 1030 2967 in
1048 2919 1120 2990 qua
1137 2897 1284 2970 occisus
1300 2913 1354 2971 est
1373 2896 1561 2970 Dubcenn
1580 2895 1781 2970 O’Danran
1796 2897 1835 2968 in
1853 2895 1970 2994 praelii

387 3046 601 3122 congressu.
658 3019 855 3096 Concobar
882 3017 1185 3091 O’Maelscchlan
1222 3021 1305 3093 Rex
1327 3020 1627 3093 Corcomroensis
1654 3033 1820 3093 mortuus
1855 3034 1974 3093 est.—

388 3147 574 3236 O'Ruarc,
605 3144 839 3242 cogminatus
863 3142 960 3215 filius
978 3143 1110 3231 noctis,
1136 3168 1158 3215 a
1192 3143 1266 3214 suis
1301 3141 1638 3215 fratribus-occisus
1656 3152 1721 3214 est.
1774 3142 1975 3217 Exercitus

388 3293 474 3342 eum
493 3244 783 3340 Murchertacho
806 3265 973 3354 ,O'Brian
1005 3265 1051 3336 ad
1080 3289 1252 3362 campum
1271 3263 1533 3352 Murthemnei,
1560 3263 1681 3337 donec
1707 3265 1973 3338 destruxerunt

389 3401 531 3484 segetes
548 3388 678 3484 campi,
706 3401 745 3459 et
761 3385 1119 3477 eratcxercitusiste,
1133 3391 1256 3482 quiex
1272 3412 1367 3484 equo
1385 3387 1519 3484 dejecit
1538 3388 1683 3461 Cuulad
1704 3387 1971 3460 O'Candelban

267 3510 269 3514 ⁴
392 3509 533 3604 Regem
554 3507 753 3602 Loegarioe,
778 3506 887 3576 itaut
905 3505 1037 3577 obierit
1054 3507 1150 3580 inde.
1189 3508 1386 3582 Exercitus
1402 3534 1487 3583 cum
1503 3507 1679 3581 Donaldo
1696 3507 1905 3579 O’Locblin
1924 3509 1974 3581 ad

388 3628 578 3727 planitiem
598 3627 721 3717 Covae,
750 3627 868 3700 donec
887 3625 1040 3699 abstulit
1055 3627 1199 3702 obsides
1215 3629 1391 3720 Ultoniae,
1409 3644 1458 3707 et
1476 3631 1592 3704 donec
1608 3628 1679 3701 ivit
1694 3629 1911 3718 Temoriam,
1933 3643 1974 3703 et

390 3754 593 3829 combussit
619 3754 824 3851 portionem
842 3750 1021 3852 {magnam
1054 3751 1248 3850 Loegariae.
1276 3753 1484 3851 (regionis)
1518 3766 1555 3854 et
1591 3765 1829 3827 vastaverunt
1859 3767 1974 3827 terras

392 4073 437 4145 (1)
448 4074 565 4132 Obitum
579 4074 682 4150 Magni
695 4072 821 4130 referunt
834 4072 870 4128 ad
883 4071 1003 4127 eundem
1017 4088 1124 4127 annum
1139 4070 1181 4127 lV
1192 4069 1340 4146 Magistri,
1354 4081 1383 4127 et
1395 4069 1562 4147 Tigernocbi
1573 4070 1853 4129 continuator—De
1862 4070 1974 4146 Magna

391 4167 549 4224 Caradocus
567 4168 632 4226 silet
653 4179 716 4244 post
736 4186 801 4230 snn.
820 4173 906 4238 1100,
931 4185 988 4244 quo
1007 4166 1160 4243 inquit···“
1175 4167 1345 4242 Arnulpbum
1365 4169 1556 4245 blontgomeri
1571 4168 1714 4244 navigasse
1739 4168 1906 4226 Hiberniam
1931 4170 1971 4225 ad

391 4268 542 4320 “uxorem
562 4280 653 4328 suam,
668 4263 755 4321 tiliam
771 4263 967 4321 Murcertaehi
983 4263 1067 4338 Regis
1083 4263 1236 4331 Hiberniae,
1247 4263 1464 4336 conducendam
1479 4264 1507 4319 in
1519 4261 1664 4331 Walliam,
1677 4282 1745 4320 cum
1760 4262 1845 4338 copiis
1857 4279 1928 4338 quas
1943 4260 1972 4318 ei

340 4358 344 4364 ’
390 4357 653 4434 “suppeditaturus
666 4367 728 4413 erat
747 4358 949 4426 Marcertoeb5
964 4371 994 4418 et
1007 4359 1154 4434 Magnum,
1170 4358 1291 4416 Haraldi
1305 4359 1404 4427 filium,
1418 4358 1518 4414 eodem
1529 4376 1604 4415 anno
1618 4359 1720 4416 iterum
1733 4359 1763 4414 in
1776 4356 1909 4432 Anglesia
1919 4376 1973 4431 ap-

392 4458 411 4486 “
425 4454 537 4532 pulisse,
559 4450 607 4507 ubi
631 4471 650 4507 a
675 4449 968 4525 Grpffid·op·Corumu,
982 4457 1097 4512 arbores
1111 4473 1181 4530 quos
1195 4455 1279 4511 vellet
1297 4455 1413 4513 cedendi
1430 4453 1574 4510 licentiam
1589 4453 1721 4529 obtinuit.
1758 4451 1868 4508 Deinde
1884 4451 1975 4508 Man·

394 4555 413 4582 ‘⁴
430 4551 505 4618 niam
520 4547 638 4614 rediens,
662 4563 746 4621 quam
768 4545 852 4601 armis
866 4547 1019 4621 redegerat,
1050 4559 1080 4605 et
1095 4549 1182 4607 tribus
1196 4548 1233 4606 ibi
1248 4549 1510 4619 conditisArcibus,
1524 4551 1642 4606 nuncios
1664 4547 1737 4606 misit
1749 4545 1780 4604 iu
1793 4545 1979 4619 Hiberniam,

361 4719 364 4723 Ι
396 4648 416 4676 “
429 4649 464 4701 ad
475 4646 559 4701 aliam
577 4638 773 4701 blurcertachi
788 4638 884 4697 fiiliam
899 4659 949 4715 pro
966 4641 1023 4697 lilio
1037 4661 1089 4699 suo
1101 4644 1130 4700 iu
1145 4663 1265 4702 uxorem
1280 4645 1441 4720 petendam,
1456 4665 1513 4721 qua
1526 4649 1654 4714 obtenta,
1679 4644 1768 4703 filium
1791 4643 1875 4701 istum
1890 4643 1981 4702 Mau-

394 4742 412 4772 “
426 4739 478 4796 niae
493 4741 598 4817 Regem
612 4735 787 4798 constituit.”
829 4735 959 4815 Wynne's
972 4736 1100 4796 Caradoc
1110 4758 1138 4816 p.
1153 4745 1219 4810 124,
1229 4757 1298 4815 year
1314 4746 1400 4797 1100.
1453 4739 1560 4798 Confer
1572 4758 1638 4798 anu.
1656 4745 1743 4799 1102.
