4446 6000
322 480 422 583 tol
527 493 532 504 '
771 508 1036 577 ansanus
1074 505 1471 581 omonimum,

319 695 355 769 S.
369 691 574 781 Michaelis,
603 690 667 788 qui
683 688 822 765 dicitur
835 690 933 788 ignis
950 685 1128 784 celestis]
1148 689 1211 787 (l)
1248 689 1352 764 Mors
1366 689 1498 767 Snibne
1509 691 1581 767 At.
1595 692 1678 770 Jae.
1733 697 1897 780 Ami·

319 816 473 892 Goidlril
489 815 688 889 datlrednn
705 814 743 888 in
759 814 877 902 melle,
914 825 938 894 7
955 812 1211 913 oenproidlinn
1228 826 1274 885 et.
1295 837 1343 887 ra
1355 838 1402 888 nr
1417 836 1533 890 onrnm
1551 820 1589 891 in
1604 822 1753 899 teinnid
1786 828 1900 923 [em.

320 939 438 1013 sensio
454 949 655 1035 spontanea
670 936 919 1011 Hibernorum
937 934 994 1010 bis
1005 935 1175 1035 jejunare
1189 935 1228 1007 in
1246 936 1362 1026 melle,
1382 950 1421 1011 et
1434 938 1471 1012 in
1488 964 1566 1015 una
1581 941 1785 1022 refectione
1799 974 1897 1049 prae·

321 1062 451 1135 timore
468 1059 595 1158 ignis]
657 1059 774 1145 Quies
808 1058 1058 1134 Masinictlrin
1091 1057 1149 1130 ab.
1170 1055 1316 1133 Cluana
1350 1059 1527 1159 Eidniglr.
1564 1063 1670 1141 'Iex
1703 1068 1897 1157 Connissv

320 1183 462 1258 Aedoin
472 1180 528 1281 sn
544 1179 619 1279 sor
636 1196 737 1256 teora
757 1182 930 1258 Connclrt.
969 1179 1067 1275 [Lex
1083 1179 1242 1252 Comani
1259 1193 1297 1253 et
1311 1180 1455 1256 Aedani
1473 1207 1537 1281 per
1552 1186 1725 1285 regiones
1741 1191 1896 1270 Conna·

308 1303 415 1396 oiae]
477 1303 674 1403 Aidnitgin
707 1328 773 1378 rex
786 1305 875 1379 Hae
901 1304 1044 1394 Maine,
1064 1304 1144 1377 Art
1159 1324 1238 1376 mac
1258 1300 1472 1377 Floitniadlr
1486 1328 1552 1379 rex
1569 1308 1896 1455 Aldinejugulsti

317 1439 415 1500 sunt.
470 1426 587 1524 Lergi
619 1449 698 1500 mac
715 1425 979 1500 Dnibcomlnir
995 1424 1164 1498 moritur.

318 1549 387 1628 λη.
412 1546 490 1625 Dtt
507 1552 563 1633 itt
579 1551 620 1627 t'i.
671 1550 832 1624 Moenao
847 1573 903 1621 mo
920 1547 1084 1625 Colmnin
1101 1547 1172 1621 Ab
1184 1545 1263 1621 Sl'
1211 1549 1317 1638 lasne,
1338 1558 1362 1627 7
1382 1545 1621 1646 Cillefolriclr
1645 1552 1792 1633 allusu
1807 1580 1894 1635 san·

318 1671 445 1771 guinis
461 1672 626 1746 moritur.
680 1670 822 1745 Daniel
836 1692 948 1767 nepos
965 1667 1105 1743 Foiieni
1122 1669 1250 1743 Scriba
1268 1669 1427 1745 Letuboi
1445 1672 1600 1769 quievit.
1631 1674 1897 1758 Donnootlraid

320 1817 386 1867 rex
404 1791 568 1869 Conaclt
584 1793 749 1867 moritur.
803 1792 962 1868 Insolita
975 1791 1135 1880 siccitas,
1172 1791 1322 1871 7ardor
1351 1793 1438 1868 solis
1471 1809 1516 1869 ut
1538 1821 1632 1895 pene
1647 1802 1754 1899 panis
1769 1805 1896 1882 omnis

320 1915 485 2015 deperiit.
527 1916 713 1992 Deirmess
728 1938 808 1990 mor
823 1914 1042 2004 intendendi,
1061 1913 1283 2010 [Glandium
1302 1915 1533 1992 abundantia
1549 1922 1703 2020 postea]
1726 1923 1894 2002 Marta

319 2042 395 2114 inse
407 2038 589 2114 Eideneck
610 2037 776 2134 [Martan
794 2035 1014 2111 Monasterii
1030 2036 1161 2110 insula
1177 2036 1413 2132 Haederosae‚]
1434 2041 1556 2117 Aidorr
1572 2042 1658 2144 Epa
1674 2043 1889 2143 Manena,

317 2162 496 2263 [planitiei
510 2163 606 2252 Heu,
620 2159 730 2236 hodie
739 2155 872 2250 Maio]
888 2156 1126 2233 currerunt
1136 2160 1228 2234 Hua
1242 2160 1393 2236 Emona
1408 2163 1643 2260 [O'Hernon]
1656 2166 1728 2240 Ab.
1744 2165 1893 2245 clama

311 2285 421 2385 ferta
437 2287 603 2362 Brennin
629 2282 847 2356 moriuntur.
902 2279 1069 2356 Lerttm
1085 2281 1314 2358 dominatrix
1346 2284 1424 2380 [ie.
1448 2285 1661 2382 Abbatissa]
1692 2288 1891 2370 Cilledaro

318 2409 420 2485 obre
466 2407 574 2484 tuna
603 2403 853 2482 tenebrosam
872 2403 977 2478 Non,
990 2403 1166 2479 naemu.
1185 2404 1245 2505 (a)
1308 2408 1393 2484 Aea
1421 2433 1501 2485 mac
1533 2412 1686 2512 cnrpn
1714 2412 1892 2515 nonasp·
1959 2393 1964 2403 ’

320 2533 550 2609 Reobrainne
565 2530 733 2605 moritur.
1764 2573 1767 2577 ·

282 2713 285 2720 ,
316 2657 386 2732 nn,
412 2652 490 2731 mss
504 2652 631 2753 mill
662 2648 769 2725 Mors
789 2648 950 2724 Albrnirr
963 2673 1023 2725 sno
1039 2647 1204 2727 Foidrnid
1218 2652 1287 2729 Ab.
1309 2654 1441 2732 Treoid
1453 2656 1555 2746 noir,
1575 2654 1717 2753 [Abbas
1730 2657 1887 2737 Mones-

316 2775 399 2850 terii
415 2774 539 2875 pontis
567 2770 697 2875 magni
726 2769 838 2847 hodie
855 2772 1086 2872 Droglredn,]
1111 2775 1152 2850 in
1174 2774 1233 2865 VI
1250 2773 1343 2852 feria
1372 2777 1470 2854 inter
1502 2778 1579 2854 dno
1610 2803 1731 2879 pasca.
1772 2780 1892 2879 [diem

318 2922 451 3000 nempe
480 2896 702 3003 Pascbsspet
718 2895 816 2971 diem
835 2895 1102 2994 Pentecosten]
1142 2899 1793 2999 urrant.13erodnrggnt.ortnea
1809 2928 1890 2983 mo-

317 3025 418 3100 ritur.
473 3020 661 3099 Eirenaolr
692 3046 772 3097 mac
804 3021 939 3096 Eicinn
955 3022 1026 3096 Ab.
1048 3021 1275 3120 Letbglinne,
1303 3023 1534 3099 Fominnnin
1566 3024 1690 3101 scriba
1722 3039 1763 3101 et
1792 3026 1886 3127 Epis

316 3147 439 3223 Treoit
452 3145 649 3246 perierunt
703 3142 869 3221 Dunloit
887 3143 935 3216 in.
953 3142 1160 3238 [Dunlndia
1172 3144 1263 3241 filia]
1285 3144 1516 3245 Fogmaigt
1532 3145 1637 3220 obiit.
1680 3148 1716 3224 Τ
1709 3151 1890 3226 mattam

316 3463 361 3535 (l)
380 3460 421 3520 lv
436 3459 575 3536 Magistri
592 3459 627 3516 ad
642 3477 708 3517 ann.
719 3453 778 3522 767
791 3454 983 3535 inquiunt-‘⁸
1004 3446 1118 3518 Aonnel
1131 3479 1168 3518 nn
1191 3461 1264 3519 iorni
1287 3470 1420 3520 connrtn.
1439 3463 1658 3525 amandantur
1669 3465 1788 3524 nirdam
1805 3463 1888 3541 sigl-

319 3561 339 3590 “
361 3555 454 3614 tlidle
465 3552 729 3612 ndlnntlmloroon
742 3552 834 3610 tnnrisr
846 3570 880 3613 ro
897 3553 931 3611 bo
942 3554 1133 3634 eomloltosri
1144 3555 1287 3613 lnirdlibl
1306 3556 1362 3613 lnoi
1381 3576 1417 3614 na
1439 3558 1536 3616 iretis
1558 3559 1590 3617 ·s'·
1608 3558 1787 3623 soimeri?
1810 3557 1891 3617 θείη»

317 3658 338 3691 ⁸⁴
359 3651 453 3710 trenel
466 3649 638 3726 osfforlgur
649 3649 699 3706 blo
712 3648 742 3707 di
748 3647 886 3729 sluloisg
897 3649 933 3706 do
945 3649 1071 3728 caclsor
1083 3651 1259 3710 clloisteoclt
1278 3671 1314 3709 no
1324 3651 1434 3726 soircsr‘
1447 3671 1481 3712 nr
1504 3654 1568 3714 nile.
1579 3652 1663 3731 gall.
1672 3654 1727 3712 dns
1740 3653 1795 3713 adt
1818 3654 1888 3713 sart

317 3752 336 3780 ‘⁴
357 3751 376 3812 7
387 3766 454 3806 oum
453 3748 532 3822 storo
543 3765 582 3816 er,
592 3743 822 3825 garrossrailset
834 3743 1049 3823 nsrrritlesorrn
1060 3747 1096 3804 da
1108 3746 1242 3805 titedius
1255 3746 1290 3804 do
1299 3746 1440 3819 dlrunrrrl,
1456 3750 1558 3808 irrraile
1571 3769 1601 3807 re
1614 3748 1889 3809 &anticuissima

316 3848 335 3878 ⁸⁴
356 3848 374 3908 7
386 3863 436 3900 aon
446 3843 546 3920 proins
555 3840 734 3901 etorrnsidle
746 3838 933 3899 dinrsndlodl
946 3843 965 3905 7
974 3840 1086 3918 saorth.
1108 3861 1143 3900 nr
1163 3842 1326 3899 tledlmninr
1346 3843 1382 3900 ira
1396 3843 1465 3901 fiet
1478 3843 1572 3901 mielil
1584 3844 1619 3901 do
1631 3844 1743 3903 ώσω.
1755 3863 1834 3904 coss.
1854 3843 1889 3901 de

312 3945 335 3985 ⁴‘
347 3940 391 3998 sin
410 3939 454 3996 boi
465 3957 501 3995 on
512 3935 582 3995 tamt
596 3936 712 3995 omitt
724 3934 887 3994 diurnum
904 3954 940 3993 ors
953 3943 1016 3994 tene
1028 3936 1063 3994 do
1073 3935 1371 4014 ninid-[Nondum
1382 3937 1673 4010 Lambcomartenses,
1689 3959 1747 4017 quo
1760 3953 1888 4017 tempore

314 4033 563 4103 celebratarum,
576 4034 654 4108 signa
668 4031 819 4098 horrenda,
831 4030 1010 4107 perhorrida,
1023 4050 1088 4108 quse
1102 4032 1204 4091 similia
1217 4044 1298 4091 erent
1312 4032 1396 4108 signis
1404 4032 1460 4090 diei
1468 4033 1583 4108 judieii,
1603 4034 1657 4093 ie.
1677 4035 1835 4103 tornitrua,
1857 4043 1889 4091 et

314 4130 425 4205 fulgura
443 4131 614 4188 ferocissima
626 4129 721 4198 simul,
736 4128 776 4184 ita
789 4134 821 4183 ut
836 4125 1026 4185 intolerabilia
1038 4139 1130 4185 essent
1140 4127 1270 4186 omnibus
1288 4129 1479 4196 audientibus,
1492 4127 1536 4185 vel
1549 4128 1719 4203 ridentibns.
1740 4128 1839 4187 'limos
1856 4138 1889 4187 et

315 4235 421 4281 tremor
443 4226 562 4300 populos
587 4225 732 4283 Hibernia
754 4222 859 4280 exinde
874 4221 984 4289 invasit,
1010 4221 1052 4281 lta
1087 4234 1120 4281 ut
1140 4242 1241 4281 eorum
1272 4225 1412 4300 sapientes
1436 4243 1486 4281 eos
1511 4222 1696 4281 adhortarent
1719 4223 1756 4278 nd
1774 4219 1888 4296 jejunia

314 4317 528 4387 iacienda‚cum
542 4319 715 4376 orationibus
728 4317 852 4388 sinceris,
871 4329 900 4374 et
913 4317 1113 4393 frequentibus,
1126 4329 1157 4377 et
1177 4336 1263 4376 unam
1283 4318 1375 4375 solnm
1395 4317 1611 4385 comestionem,
1631 4333 1731 4393 pacem
1753 4324 1886 4374 mutuam

314 4412 451 4480 stabilire,
474 4412 579 4486 absque
592 4413 705 4468 nodosis
727 4412 949 4482 difficultatibus,
958 4425 988 4470 ot
998 4413 1151 4472 stabilitate
1170 4431 1276 4470 voram.
1318 4412 1362 4469 Eo
1384 4414 1460 4490 quod
1484 4412 1583 4469 incidit
1604 4412 1633 4468 in
1654 4409 1770 4467 Festum
1780 4407 1811 4468 S.
1826 4408 1887 4466 Mi·

313 4507 429 4577 chaelis,
441 4507 518 4583 quod
531 4505 845 4580 temporel'entecostes
860 4506 1029 4578 celebratur,
1051 4517 1204 4586 tempestas
1226 4506 1281 4564 ists
1291 4525 1355 4584 qun
1375 4508 1452 4585 npud
1475 4505 1677 4566 lnmbcomart
1687 4504 1793 4575 evenit,
1806 4503 1888 4563 dieta

311 4616 354 4664 est
363 4603 436 4682 ignis
445 4598 580 4676 Calatis]

308 4703 358 4772 (2)
381 4699 499 4777 Eclipsis
520 4697 595 4757 lunae
615 4693 711 4752 totalis
736 4693 838 4752 incidit
857 4714 931 4752 anno
953 4713 1016 4753 aerae
1036 4695 1195 4755 communis
1214 4699 1273 4759 773
1288 4696 1318 4753 in
1331 4695 1407 4754 diem
1423 4696 1460 4755 iv.
1476 4691 1792 4754 Decembris-Ande
1807 4689 1891 4752 V.lrs

312 4793 415 4864 Dolet,
429 4806 450 4851 t.
462 4803 488 4864 1,
501 4812 562 4870 pag.
574 4787 629 4863 66,
638 4808 704 4868 ergo
724 4790 754 4849 in
765 4789 842 4849 diem
855 4809 921 4868 quas
932 4790 1011 4849 nobis
1024 4804 1067 4848 ert
1076 4791 1169 4868 pridie
1181 4789 1291 4860 Nonas,
1312 4791 1331 4850 i.
1343 4809 1369 4848 e.
1385 4796 1403 4848 2
1419 4791 1529 4860 Nonas,
1540 4807 1576 4848 ac
1590 4787 1707 4866 proinde
1719 4786 1747 4842 bi
1760 4784 1888 4844 Annales

312 4904 397 4947 aram
405 4907 587 4949 communem
600 4905 658 4948 uno
671 4905 747 4948 anno
756 4887 961 4970 praecedentes,
973 4896 1108 4946 accurate
1117 4903 1184 4946 cum
1194 4884 1259 4944 solis
1269 4896 1299 4946 et
1309 4884 1521 4944 lunamotibns
1530 4883 1682 4945 convestire
1694 4880 1889 4959 dignoscamur.
