4446 6000
679 538 1117 603 xxxorxrtoxas
1159 543 1234 605 an
1274 546 1393 609 sac.
1418 544 1548 610 r111.
1777 515 1870 615 161

297 722 437 773 vetustam
459 711 640 788 superficiem
665 725 762 770 aratro
784 715 904 783 cultam,
929 724 958 772 et
987 717 1133 792 nongentis
1158 717 1273 788 abhinc,
1301 721 1381 778 annis
1403 721 1560 780 habitatam
1584 722 1715 794 creuisse,
1737 735 1879 803 quotquot

298 819 332 876 de
350 817 475 874 Historia
492 817 621 873 Naturali
637 818 779 874 Hiberniae
794 820 934 895 scripsere
945 820 1099 878 doctissimi
1115 820 1176 891 viri,
1190 841 1287 879 omnes
1302 843 1360 880 uno
1374 843 1423 881 ore
1433 837 1583 883 testantur.
1597 830 1644 899 (l)

336 921 411 988 Quis
423 933 520 978 autem
542 919 655 978 Nennio
669 923 838 998 antiquitus,
853 923 1019 980 Lochleniae
1033 925 1148 981 metalla
1162 938 1290 983 recenter
1302 928 1454 1002 explorata
1468 930 1620 999 indicavit,
1636 931 1688 987 nisi
1702 931 1804 990 iodinae
1819 944 1881 993 tutu

295 1034 439 1092 extarent,
459 1034 489 1080 et
510 1025 699 1083 Metellorum
713 1045 778 1084 usus
798 1028 882 1102 plene
892 1027 1083 1084 innotesceret
1098 1031 1108 1083 ἓ
1152 1028 1316 1087 Hadrianus
1325 1031 1424 1105 junius
1438 1033 1473 1088 de
1487 1032 1626 1089 Hibernia
1639 1034 1775 1106 scribens,
1788 1038 1882 1114 inquit

295 1127 334 1182 ihi
359 1129 488 1186 celebres
505 1129 652 1187 luisse-“
667 1130 823 1206 Stannique
837 1131 958 1200 fodinas,
971 1143 1001 1187 et
1017 1132 1080 1208 puri
1106 1134 1214 1207 argenti
1229 1134 1330 1191 venas”
1347 1138 1389 1207 (2)
1437 1135 1584 1210 Ohjicient
1606 1137 1723 1194 sortasse
1748 1141 1879 1200 nonnulli

293 1234 488 1308 Antiquarum
502 1233 665 1290 fodinarum
678 1233 779 1291 nullibi
794 1243 894 1292 extare
909 1234 1191 1308 vestigia-Quibus
1204 1256 1248 1294 me
1269 1238 1377 1295 nescire
1391 1242 1558 1314 respondeo,
1583 1250 1614 1298 et
1636 1240 1687 1317 ipsi
1706 1259 1786 1316 aeque
1799 1243 1879 1319 igno·

296 1349 370 1396 rant.
413 1339 526 1414 Ergone
549 1339 707 1413 rejicienda
722 1349 765 1396 est
780 1339 895 1408 Nennii,
908 1348 938 1396 et
948 1341 1142 1416 Antiquorum
1155 1342 1309 1400 auctoritas
1320 1354 1436 1420 propter
1456 1357 1615 1402 nostrorum
1629 1346 1817 1422 ignorantiam
1830 1353 1882 1406 l—

295 1441 366 1499 Esto
380 1451 490 1509 autern,
503 1461 560 1498 non
573 1453 674 1499 extant
687 1442 813 1518 vestigia.
839 1443 943 1502 lterum
953 1462 1047 1519 qnaero
1062 1445 1227 1519 quidinde?
1272 1447 1338 1504 Non
1354 1456 1454 1504 extant
1479 1448 1593 1523 vestigia
1606 1447 1766 1506 fodinarum
1781 1450 1882 1510 lberiae

295 1546 591 1621 antiqua-quamuis
604 1547 748 1604 Diodorus
763 1548 880 1624 repetite
893 1556 1001 1618 narrat,
1019 1549 1061 1604 ita
1073 1549 1255 1609 inexhaustas
1267 1550 1350 1608 luisse
1364 1570 1421 1627 prae
1435 1552 1621 1618 abundantia,
1636 1562 1669 1610 ut
1681 1570 1759 1624 curn,
1771 1553 1881 1612 refertis

294 1649 425 1719 navibus,
440 1651 562 1707 multum
577 1651 672 1707 adhuc
686 1651 794 1726 argenti
808 1663 973 1726 superesset,
987 1652 1105 1726 plumbo
1125 1655 1154 1709 in
1167 1653 1281 1709 ancoris
1293 1654 1401 1724 exciso,
1421 1656 1483 1729 ejus
1501 1675 1584 1713 usum
1607 1668 1777 1716 mercatores
1792 1658 1876 1716 Phoe·

295 1753 387 1810 niciae
399 1764 516 1829 argento
529 1733 740 1830 explerent.(³)
763 1754 871 1810 Eadem
886 1755 974 1812 tradit
989 1755 1165 1825 Aristoteles,
1178 1775 1237 1826 seu,
1250 1758 1314 1832 ejus
1327 1776 1432 1815 nornen
1446 1760 1589 1830 mentitus,
1601 1764 1712 1818 Auctor
1723 1762 1879 1819 vetustissi-

294 1881 357 1918 mus
368 1860 555 1918 Mirabilium.
565 1861 612 1932 (4)
642 1858 787 1934 Polybius,
798 1856 876 1914 testis
888 1858 1031 1925 oculatus,
1041 1859 1125 1933 cujus
1137 1860 1323 1935 fragmentum
1337 1862 1457 1919 servavit
1472 1863 1586 1932 Strabo,
1609 1864 1701 1940 inquit
1729 1868 1749 1896 ‘⁴
1763 1863 1881 1940 Argenti

295 1965 417 2033 fodinas,
431 1983 495 2040 quae
513 1963 626 2021 suntad
639 1961 842 2038 Carthaginem
856 1979 959 2018 novam
975 1962 1004 2018 in
1017 1962 1165 2038 Hispania,
1179 1981 1241 2020 esse
1261 1963 1411 2034 maximas,
1425 1967 1461 2022 ab
1475 1968 1545 2022 urbe
1565 1966 1600 2022 ad
1612 1986 1653 2024 xx
1666 1968 1759 2025 stadia
1769 1967 1880 2028 dissitas

294 2069 404 2128 circulo
417 2087 488 2127 cccc
499 2068 657 2126 stadiorum
670 2077 834 2125 contentas:
857 2067 896 2124 ibi
910 2067 941 2125 xl
962 2066 1052 2125 millia
1071 2067 1220 2126 hominum
1234 2067 1262 2126 in
1277 2068 1374 2126 labore
1397 2071 1510 2139 versari,
1532 2081 1618 2146 atque
1629 2071 1659 2128 in
1672 2071 1797 2149 singulos
1810 2074 1882 2145 dies,

293 2176 401 2252 populo
415 2175 557 2239 Romano,
568 2186 629 2231 tum
641 2173 785 2249 temporis,
797 2191 856 2229 xxv
869 2171 960 2229 millia
971 2171 1174 2230 drachmarum
1186 2173 1224 2228 ab
1237 2172 1271 2228 iis
1283 2172 1391 2231 tributa
1402 2172 1518 2232 fuisse.''
1531 2176 1574 2247 (5)
1615 2177 1752 2233 Attamen
1766 2177 1883 2235 ubinam

295 2289 411 2336 manant
421 2277 506 2334 hodie
516 2277 616 2332 harum
631 2275 795 2332 sodinarum
810 2276 936 2349 vestigia,
949 2293 1069 2349 quarum
1080 2275 1103 2330 si
1118 2275 1222 2332 Strabo
1230 2274 1369 2351 periisset,
1379 2295 1433 2335 nec
1444 2279 1532 2335 etiam
1542 2281 1678 2338 memoria
1689 2281 1885 2340 inveniretur?

241 2428 243 2432 ,
296 2380 488 2454 llloaterqur'eu
502 2387 609 2447 narrat,
620 2378 774 2452 quemdam
789 2376 913 2433 nobilem
929 2376 1059 2445 Gallum,
1070 2375 1139 2433 nihil
1152 2377 1327 2434 intentatum
1341 2377 1486 2452 reliquisse
1497 2389 1529 2435 ut
1546 2380 1662 2456 vestigia
1671 2382 1820 2453 inveniret,
1833 2384 1883 2441 sed

293 2484 439 2544 cachinnis
453 2486 490 2542 ab
505 2484 636 2541 omnibus
650 2491 814 2558 exceptum,
826 2493 947 2558 tempus,
962 2501 1090 2558 operam,
1104 2491 1136 2540 et
1149 2483 1291 2560 impensas
1300 2481 1463 2559 perdidisse.
1487 2489 1506 2516 “
1517 2483 1557 2540 Le
1571 2484 1702 2560 Marquis
1715 2485 1753 2542 de
1766 2484 1882 2543 Rhodes

293 2592 314 2622 “
334 2607 457 2666 proposa
469 2588 488 2645 a
500 2587 529 2644 la
542 2605 613 2645 cour
623 2587 657 2643 de
668 2587 689 2644 F
691 2604 777 2643 rauce
787 2584 912 2642 d'ouvrir
922 2585 964 2642 les
976 2584 1064 2642 mines
1075 2585 1123 2642 des
1135 2581 1286 2661 Pyrhn'ees.
1310 2583 1335 2640 ll
1346 2584 1405 2642 cita
1418 2585 1457 2643 les
1465 2586 1594 2662 Tyriens,
1620 2585 1661 2643 les
1672 2584 1879 2662 Carthagiuois,

295 2698 315 2730 ⁴‘
336 2706 366 2750 et
378 2692 420 2749 les
431 2691 577 2759 Romaim,
592 2708 630 2746 on
642 2689 681 2746 lui
697 2688 800 2765 permit
812 2688 847 2744 de
861 2687 1020 2746 chercher.-
1052 2686 1076 2744 ll
1087 2687 1223 2755 charcha,
1244 2686 1266 2744 il
1276 2686 1378 2746 ionilla
1392 2699 1528 2765 permut,
1550 2689 1573 2746 t!
1587 2688 1669 2748 citoit
1689 2689 1828 2765 toujours,
1852 2701 1882 2746 et

295 2795 316 2831 ⁸‘
337 2815 373 2852 ne
386 2806 486 2852 trouva
496 2793 588 2852 rien.''
607 2789 651 2865 (6)
692 2792 794 2868 ltaque
809 2792 831 2848 si
843 2791 992 2849 credibilia
1003 2801 1068 2849 sunt
1081 2811 1146 2870 quae
1160 2793 1197 2849 de
1207 2791 1354 2851 lberorum
1367 2792 1469 2851 t'odinis
1478 2804 1595 2853 narrant
1603 2796 1724 2872 antiqui,
1734 2814 1754 2852 a
1766 2793 1875 2854 fortiori
1912 2814 1937 2850 .’

297 2897 444 2958 credibilia
456 2905 522 2953 sunt
532 2914 594 2972 quae
606 2895 640 2952 de
650 2894 812 2952 Hibernicis
826 2893 931 2970 scripta
945 2893 1186 2952 hahemus-Ista
1199 2895 1314 2951 vetustis
1328 2895 1547 2955 auctoritatibus
1560 2899 1699 2957 nituntur.
1736 2898 1809 2956 Haec
1823 2915 1880 2956 uon

293 3003 387 3062 solum
401 3009 579 3059 vetustorum
590 2998 654 3068 fida,
672 2999 719 3055 sed
734 2999 925 3056 recentiorum
940 2998 1137 3074 exploratione
1152 2997 1329 3065 confirmata,
1343 2998 1379 3055 ad
1395 2998 1604 3074 antiquissimas
1618 2998 1786 3057 Phoenicum
1800 2999 1881 3055 navi·

294 3109 421 3188 gatioues
433 3117 509 3166 retro
522 3107 698 3173 conducunt,
718 3114 748 3162 et
767 3103 875 3159 lnsulas
896 3100 1089 3171 Cassiterides‚
1106 3121 1162 3158 non
1176 3101 1248 3158 alias
1269 3101 1354 3158 luisse
1368 3120 1453 3178 quarn
1473 3121 1532 3171 eus,
1547 3119 1616 3176 quas
1638 3088 1737 3158 Albion
1751 3112 1779 3158 ct
1791 3100 1877 3158 derne

291 3213 417 3292 appellat
431 3210 607 3279 Aristoteles,
621 3206 774 3265 Annalium
791 3207 964 3265 Punicorum
980 3206 1047 3275 fide,
1068 3216 1097 3264 et
1118 3206 1289 3266 Himilconis
1310 3205 1480 3264 auctoritate
1504 3205 1760 3280 demonstrant.(7)
1796 3205 1876 3276 Quid

295 3318 372 3378 enirn
390 3316 468 3375 aliud
487 3316 610 3372 innuunt
622 3312 699 3369 Festi
709 3312 810 3370 Ariani
823 3314 952 3370 rerba·-

374 3425 430 3480 Ast
442 3420 519 3488 hinc,
532 3418 645 3475 duobus
659 3419 688 3475 in
703 3416 829 3487 Sacram,
854 3417 895 3474 tic
909 3416 1034 3475 Insulam
1123 3416 1217 3476 Etiam
1228 3416 1356 3485 Colonia,
1370 3428 1400 3474 et
1414 3414 1514 3491 vulgus
1527 3412 1602 3473 inter
1614 3412 1759 3484 Herculis,

373 3526 479 3586 Dicere
494 3522 595 3593 Prisci,
610 3521 716 3580 solibus
727 3539 827 3580 cursus
840 3521 893 3579 rati
907 3531 959 3590 est,
1121 3524 1241 3600 Agitans
1255 3525 1414 3590 columnas,
1429 3522 1490 3580 haec
1503 3522 1621 3580 adibant
1634 3539 1760 3596 aequora,

375 3631 503 3705 Eamque
515 3629 573 3685 late
587 3645 655 3703 gens
671 3626 863 3683 Hibernorum
875 3625 985 3683 colit-
1121 3627 1195 3694 Quae
1206 3626 1328 3684 Himilco
1342 3627 1444 3684 Poenus
1459 3625 1602 3684 mensibus
1613 3624 1659 3681 vix
1670 3633 1804 3700 quatuor,

374 3734 540 3809 Propinqua
552 3750 646 3789 rursus
666 3731 761 3787 insula
774 3731 931 3788 Albionum
944 3739 1033 3806 patet,
1123 3728 1163 3787 Ut
1176 3728 1237 3806 ipse
1246 3739 1336 3788 semet
1350 3748 1408 3786 rem
1428 3732 1561 3804 probasse
1572 3727 1680 3797 retulit,

373 3835 563 3909 Tartesiisque
576 3833 606 3889 in
621 3833 757 3889 terminos
771 3830 1006 3890 Oestrumnidum
1123 3831 1327 3908 Enaxigantem
1341 3850 1424 3908 posse
1439 3829 1590 3888 transmitti
1605 3827 1713 3886 asserit.

378 3935 554 4012 Negnciandi
566 3955 626 3994 mos
640 3945 711 4004 erat,
723 3935 903 4014 Carthaginis

293 4105 1870 4132 mm

311 4233 355 4298 (1)
371 4233 461 4282 Boate’r
474 4229 575 4279 Natural
585 4228 648 4277 Hist.
658 4227 687 4277 os
693 4227 800 4285 Ireland,
812 4229 912 4284 Dubliu‚
926 4230 1049 4278 1755.-“
1061 4229 1152 4277 Within
1164 4230 1205 4277 the
1217 4229 1289 4277 limite
1299 4228 1328 4275 ot'
1342 4242 1381 4291 my
1397 4241 1450 4273 own
1472 4225 1622 4288 knowledge,
1639 4225 1728 4288 golden
1739 4239 1877 4277 ornaments

310 4315 371 4362 bave
382 4314 446 4362 been
457 4311 531 4360 found
545 4318 570 4358 to
581 4311 622 4358 the
633 4316 730 4356 amount
748 4309 777 4356 ot'
793 4324 852 4358 near
872 4311 952 4358 10001.
971 4311 1052 4370 salue,
1071 4311 1113 4358 the
1125 4320 1219 4372 greater
1230 4320 1284 4372 part
1305 4307 1416 4370 originale
1427 4307 1452 4354 in
1462 4306 1525 4355 rbeir
1536 4306 1603 4361 kind,
1615 4305 1696 4354 uulike
1706 4315 1734 4354 to
1745 4323 1793 4374 any
1805 4309 1874 4374 tbing

310 4396 397 4446 known
419 4401 444 4443 at
464 4399 569 4458 present,
590 4391 638 4438 aud
653 4389 682 4437 oi
694 4389 753 4438 anch
764 4388 869 4437 decided
887 4389 1006 4454 antiquity
1027 4391 1081 4438 that
1100 4404 1163 4438 aren
1179 4388 1243 4437 their
1261 4403 1314 4437 uses
1331 4404 1376 4438 can
1387 4389 1467 4454 rarely
1484 4390 1516 4437 be
1538 4388 1652 4443 inferred,
1662 4389 1696 4453 hy
1707 4404 1757 4454 any
1767 4390 1872 4454 analogy

309 4476 411 4525 derived
430 4475 490 4522 lrorn
506 4470 586 4536 things
601 4470 627 4518 in
636 4483 679 4518 nae
690 4476 715 4517 at
730 4469 777 4517 this
787 4470 864 4535 day.”
881 4469 1026 4518 Hamiltou’s
1037 4469 1091 4518 Let.
1103 4485 1135 4517 on
1149 4469 1191 4518 the
1211 4468 1239 4517 C.
1250 4469 1279 4516 of
1286 4466 1391 4525 Antritn,
1401 4469 1507 4527 Dublin,
1518 4473 1590 4520 trau.
1607 4468 1660 4518 Let.
1671 4473 1754 4519 4.-et
1764 4467 1872 4536 Goughb

309 4556 420 4606 Canden
428 4554 477 4601 rol.
489 4555 515 4608 8,
531 4567 555 4616 p.
568 4555 625 4600 476.
722 4548 766 4614 (2)
776 4549 895 4599 Hadrian.
905 4548 993 4598 ,lunius
1001 4551 1034 4598 de
1045 4547 1139 4613 lingua
1150 4549 1244 4605 Ianua,
1255 4549 1272 4597 l.
1282 4553 1306 4599 4.

305 4634 349 4700 (8)
366 4635 464 4698 Diodar.
474 4632 588 4681 Bihlioth.
601 4631 660 4681 edit.
669 4630 812 4694 Wesaeling.
824 4629 958 4680 Austelod.
971 4634 1043 4686 1⁷46,
1054 4637 1071 4678 t
1083 4635 1107 4687 1,
1117 4630 1133 4679 l.
1144 4631 1169 4687 5,
1180 4644 1205 4695 p.
1214 4631 1273 4679 358.

303 4713 347 4779 (d)
361 4715 460 4762 Aristar.
471 4712 554 4775 Opera
565 4712 702 4768 casaubon,
713 4712 771 4761 edit.
784 4711 904 4776 Lugduni,
917 4714 989 4769 1590,
1001 4718 1020 4759 t
1033 4716 1058 4767 1,
1069 4727 1094 4777 p.
1102 4716 1158 4761 711.

308 4800 352 4867 (5)
368 4799 441 4863 Apud
452 4799 586 4848 Strabonem
594 4800 654 4848 edit.
666 4799 801 4848 casaubon.
812 4799 994 4858 Amatelodauri,
1007 4804 1079 4856 1707,
1090 4808 1107 4849 t.
1119 4806 1143 4858 1,
1151 4799 1169 4849 l.
1178 4801 1204 4857 8,
1212 4813 1233 4849 c.
1246 4801 1304 4854 tto,
1314 4814 1369 4863 pag.
1381 4800 1436 4846 22⁰.

311 4881 355 4948 (6)
371 4880 532 4943 Montesquieu
542 4878 622 4945 rapsa
633 4880 677 4928 das
688 4879 757 4939 loix,
767 4880 830 4937 121,
842 4896 864 4930 c.
877 4885 901 4929 8.
1030 4881 1074 4947 (7)
1092 4880 1185 4948 Corpus
1196 4879 1293 4932 Poetar.
1304 4879 1363 4927 edit.
1376 4872 1498 4930 hlaitaire,
1507 4879 1524 4921 t.
1537 4876 1562 4932 2,
1572 4873 1678 4937 (11834.
