4446 6000
778 521 1034 589 auxanus
1075 461 1498 591 unrournusnss
1791 490 1892 600 391

314 702 407 781 anni
424 699 656 790 ardmacha
693 698 890 773 ordinante
908 723 953 772 eo
967 722 1095 797 pacem
1116 696 1377 786 Hibernorum,
1408 708 1446 770 et
1463 696 1722 794 praescribente
1741 699 1894 796 regulas,

198 837 201 846 '
315 842 358 903 et
405 825 657 901 ordinationes
691 823 738 897 de
784 823 960 897 omnibus
992 822 1235 896 Saecularibus
1263 837 1301 894 et
1334 822 1613 906 Ecclesiasticis.
1699 823 1899 898 Exercitus

314 951 445 1027 dolose
464 949 601 1025 ductus
620 973 641 1022 a
657 946 842 1022 Roderico
875 944 1073 1019 O’Tuchar
1090 945 1128 1019 in
1149 946 1364 1036 Orientales,
1387 947 1507 1020 donec
1525 969 1563 1019 se
1582 963 1838 1043 opposuerunt
1860 949 1896 1020 ei

315 1073 538 1162 orientales,
558 1085 596 1146 et
613 1071 714 1145 facta
730 1086 786 1144 est
815 1069 920 1142 valde
954 1067 1146 1166 (cruenta)
1183 1085 1335 1167 strages,
1365 1085 1402 1144 et
1426 1071 1630 1144 decollatus
1664 1084 1719 1144 est
1754 1071 1894 1168 ipse·-

318 1195 554 1271 Muredhach
572 1194 772 1268 O'Cuillen
792 1193 1013 1291 Praepositus
1032 1191 1291 1267 Clocharensis
1307 1195 1453 1267 occisus
1469 1220 1490 1266 a
1506 1195 1535 1267 F
1536 1194 1892 1268 ermanachensibus

314 1319 486 1396 Ecclesia
502 1320 646 1418 lapidea
663 1317 896 1393 Cathedralis
917 1316 1126 1390 Coemeterii
1144 1317 1249 1392 Pauli
1266 1332 1303 1391 et
1322 1318 1432 1400 Petri,
1454 1343 1563 1414 quam
1583 1316 1781 1392 aedificavit
1798 1318 1898 1396 Imar

315 1444 581 1536 O’Aedhacan,
616 1458 833 1518 consecrata
865 1468 886 1514 a
920 1442 1029 1516 Celso
1047 1442 1197 1516 Vicario
1215 1443 1374 1532 Patricii,
1395 1442 1448 1515 xii
1475 1441 1632 1515 Kalend.
1655 1441 1894 1514 Novemb.—

316 1566 478 1639 Vastans
496 1567 683 1640 exercitus
701 1591 785 1640 cum
804 1565 1035 1639 Turdelbaco
1055 1565 1302 1639 O'Corrcobar
1320 1565 1571 1655 Desmouiam,
1592 1566 1713 1641 donec
1729 1564 1895 1645 vastavit

318 1690 612 1788 Glennmaghar,
634 1705 671 1764 et
686 1690 842 1763 abstulit
860 1689 970 1762 boum
987 1688 1147 1788 praedam
1166 1687 1385 1786 ingentem]

317 1817 385 1893 aa
413 1823 543 1909 wttt
562 1818 627 1894 rit
681 1817 742 1888 Kl.
761 1817 845 1888 Jan.
863 1813 928 1888 fer.
949 1815 1010 1886 vii.
1032 1814 1125 1886 Lurr.
1148 1839 1211 1885 xv.
1263 1813 1338 1887 Slu.
1362 1818 1397 1888 lo
1430 1815 1549 1888 Tuirr.
1587 1815 1622 1889 lr.
1641 1812 1830 1889 Concobar
1857 1815 1894 1885 in

316 1941 579 2016 Desmumlain
599 1963 745 2015 coroas.
768 1940 864 2014 Corc
882 1939 973 2011 meir
990 1937 1197 2024 Mumlroin,
1219 1961 1257 2009 co
1277 1952 1340 2009 tue
1349 1939 1471 2032 giallu
1490 1937 1689 2010 Motaleia
1707 1961 1745 2009 co
1763 1939 1897 2012 laia-—

316 2067 353 2138 A
358 2067 472 2139 irtlu'r
495 2069 538 2139 do
552 2066 662 2160 glrab.
677 2064 794 2161 tuiglri
812 2061 945 2136 Fluirm
965 2087 1009 2135 m.
1029 2061 1180 2158 Sinuigl
1196 2062 1208 2132 i
1224 2061 1327 2134 trum
1345 2058 1558 2160 Saramfor
1575 2062 1769 2160 Raglnall
1783 2088 1826 2134 m.
1850 2088 1894 2140 tn.

297 2178 426 2265 ‘Rieu
441 2191 561 2263 uidlrcr'
575 2194 680 2264 lucin
695 2190 792 2277 inite,
827 2186 1128 2266 7adiclennodlr
1147 2186 1207 2256 leo.
1263 2184 1360 2256 Catl
1380 2197 1440 2263 7.r
1464 2186 1559 2257 Ulla
1570 2181 1742 2282 fulleia,
1771 2189 1784 2260 i
1820 2202 1894 2261 tor·

313 2315 451 2384 credor
466 2313 513 2384 da
531 2311 616 2406 riglr
634 2312 696 2397 Ul,
722 2311 756 2379 ri·
778 2309 890 2382 Niall
905 2333 948 2380 m.
969 2305 1243 2393 Duirmsleillre,
1264 2318 1286 2385 7
1301 2330 1348 2377 or
1365 2306 1425 2378 Ul.
1443 2306 1519 2393 inre,
1539 2319 1560 2385 7
1579 2307 1690 2379 Eocl.
1707 2308 1740 2379 l.
1760 2309 1895 2381 Metla-

310 2460 451 2532 guarna
471 2437 483 2508 i
486 2431 724 2532 j'ritlrglruia.
772 2430 883 2507 Gillo
917 2431 971 2505 Cr
988 2429 1022 2502 lr.
1041 2430 1074 2501 l.
1094 2429 1256 2527 Eieniglr
1272 2454 1304 2502 r.
1325 2427 1559 2516 Fermunuclr,
1581 2429 1788 2524 7airdriglr
1804 2431 1895 2502 Air-

314 2560 414 2655 giall
433 2561 512 2632 doec
531 2560 543 2631 i
561 2557 734 2631 Cloelair
747 2581 791 2629 m.
814 2581 838 2629 n
857 2556 1038 2642 Daimein,
1053 2554 1337 2650 iurnailliriglri
1354 2553 1483 2648 llog.e.
1514 2554 1547 2626 T
1544 2553 1578 2626 ir
1597 2552 1719 2627 Mum.
1733 2565 1756 2634 7
1772 2554 1899 2653 Luing

312 2687 359 2758 do
373 2684 509 2781 imporllr
530 2682 648 2756 dorici.
656 2678 731 2780 jor
745 2667 947 2754 llrirdlelb.
967 2681 1001 2751 l.
1021 2677 1230 2766 Concobuir,
1258 2690 1347 2759 7arr
1364 2679 1457 2774 geill
1476 2679 1518 2751 do
1547 2679 1707 2775 dliilsiug
1725 2679 1813 2772 dail,
1835 2692 1896 2761 7α

318 2830 397 2879 mac
413 2811 455 2880 do
470 2806 673 2901 atlrriglrad
685 2808 728 2880 do
742 2806 874 2901 Laing,
897 2818 919 2885 7
934 2807 976 2878 do
995 2802 1097 2880 Gall.
1128 2803 1462 2876 Aruidedorutsum
1480 2797 1600 2898 riiif.
1618 2828 1668 2891 ro,
1687 2806 1722 2878 ·i·
1736 2805 1893 2880 Domlrn.

315 2954 361 3003 m.
382 2955 427 3003 m.
453 2929 616 3018 Fatalem,
643 2928 824 3003 Cearboll.
851 2954 895 3002 m.
913 2954 956 3000 m.
978 2927 1141 3001 Fcelar'n.
1181 2929 1241 3000 Ar
1265 2925 1299 2997 la
1320 2925 1473 3000 Faeloin
1491 2926 1557 3000 ime
1579 2928 1623 3003 do
1642 2928 1792 3002 tluitim
1818 2930 1898 3002 lali

314 3051 402 3125 nibli
421 3051 547 3146 Failgi
563 3048 603 3150 f
627 3054 686 3124 lar
710 3052 803 3127 Cille
827 3054 930 3141 dara,
951 3052 965 3122 l
988 3075 1083 3125 cosa.
1104 3049 1203 3122 Com.
1226 3048 1288 3122 lus
1309 3048 1418 3144 Brig.
1450 3049 1603 3122 Tailltin
1621 3050 1693 3123 ina.
1715 3050 1892 3126 Murclra

316 3174 350 3245 lr.
372 3173 507 3247 Maelo.
529 3175 565 3247 l.
587 3175 789 3248 Tcirrdeld.
810 3175 842 3246 l.
865 3174 1017 3249 Concob.
1038 3177 1127 3248 doec
1153 3173 1356 3270 Mnelbrig.
1384 3172 1632 3249 &Forunnan
1663 3175 1738 3250 Air
1755 3177 1896 3251 Ardua·

218 3373 220 3378 ,
311 3312 412 3386 ratu,
445 3297 647 3394 Mnelbrig.
679 3296 710 3370 l.
744 3296 899 3371 Cinocta
928 3299 1011 3371 Air.
1044 3298 1270 3392 Aiacis-tren,
1310 3296 1332 3370 i.
1354 3297 1388 3370 b.
1407 3325 1442 3396 p.
1467 3323 1514 3372 m
1535 3325 1561 3372 s.
1633 3296 1741 3372 Gillo
1774 3297 1893 3373 Cal

301 3422 503 3512 ΙΜιτείεοίη
533 3424 628 3497 com.
659 3422 813 3498 Ciaruin
843 3423 903 3498 CL
936 3449 979 3495 m.
1001 3423 1087 3496 noia
1116 3447 1234 3512 sonus,
1267 3436 1289 3503 7
1321 3423 1484 3514 solerter,
1521 3424 1607 3497 Air.
1629 3422 1713 3497 Ccll
1738 3449 1762 3496 a
1781 3424 1851 3499 Er.
1870 3425 1895 3499 i.

318 3545 407 3643 Xpo
421 3571 455 3641 q.
496 3545 711 3642 [Exercitus
735 3572 820 3619 cum
839 3545 1071 3620 Turdelbaco
1095 3544 1344 3620 O’Concobar
1363 3546 1617 3639 Desmoniam,
1637 3548 1757 3624 donec
1775 3561 1898 3624 vasta·

317 3669 377 3741 uit
413 3668 634 3765 Corcagiam
659 3693 833 3765 magnam
864 3667 1076 3752 Momoniae,
1113 3683 1153 3741 et
1185 3668 1341 3742 abstulit
1368 3670 1515 3744 obsides
1544 3671 1748 3743 Momoniae
1765 3671 1892 3745 totius

314 3791 445 3862 Artirii
466 3803 690 3887 expugnant
718 3790 870 3861 domum
899 3789 1029 3860 Flanni
1053 3788 1115 3859 filii
1140 3789 1282 3886 Sinagii
1317 3790 1355 3861 in
1387 3790 1571 3887 divisione
1601 3791 1758 3864 ternaria
1783 3793 1897 3884 (civi-

315 3912 405 3984 tatis
440 3910 719 3999 Ardmachanae,
759 3909 862 3981 dic-ta
888 3909 1080 4003 Ternaria)
1111 3911 1304 4003 Senonum,
1336 3924 1468 3987 contra
1494 3913 1743 4011 Regiualdum
1776 3915 1896 3989 filium

313 4034 383 4143 lilii
416 4033 575 4122 Riablrii‚
613 4048 726 4106 nocte
744 4033 818 4106 diei
836 4033 933 4106 lunae
952 4034 1289 4133 Quinquagesimae,
1320 4051 1361 4111 et
1378 4038 1409 4111 is
1424 4038 1629 4113 decollatus
1648 4051 1704 4115 est
1719 4037 1765 4112 ab
1780 4038 1896 4113 eis-
1946 4119 1954 4138 ,
2075 4028 2079 4036 ’

317 4157 491 4232 Praelium
524 4158 619 4231 inter
652 4157 891 4230 Ultonienses
926 4157 1099 4247 invicem,
1135 4161 1174 4233 in
1209 4185 1284 4256 quo
1315 4161 1429 4234 occisi
1457 4151 1550 4235 'sunt
1578 4161 1655 4235 duo
1690 4162 1795 4261 Rege
1825 4163 1897 4237 Ul·

317 4282 554 4387 toniensium,
576 4281 598 4354 i.
614 4305 644 4354 e.
701 4281 802 4353 Niall
820 4281 920 4364 filius
940 4282 1146 4371 Duuslevii,
1178 4297 1216 4355 et
1235 4283 1384 4381 plurimi
1403 4286 1643 4361 Ultonieuses
1659 4313 1744 4362 cum
1766 4313 1820 4377 eo,
1858 4299 1897 4363 et

316 4404 858 4503 -EochodiusO'Matligunma,
881 4405 919 4477 in
939 4407 1055 4504 primo
1085 4408 1201 4506 praelii
1236 4432 1447 4506 congressu.
1504 4412 1638 4486 Gildas
1656 4411 1827 4486 Christus
1846 4411 1893 4486 0’

316 4530 489 4628 Eccnigh
511 4531 592 4604 Rex
619 4529 1000 4620 Fermauaehensium,
1039 4545 1077 4604 et
1105 4557 1297 4630 supremus
1327 4533 1409 4609 Rex
1436 4535 1636 4635 Argialliae,
1668 4535 1763 4609 obiit
1795 4536 1894 4634 apud

315 4653 481 4727 Clochar
501 4654 695 4750 (Regiam)
719 4654 874 4726 filiorum
896 4654 1079 4744 Damenii‚
1102 4667 1185 4753 post
1214 4658 1468 4756 poeniten-tiam
1497 4661 1685 4759 optimam.
1743 4660 1893 4734 Momo·

317 4777 463 4850 nienses
479 4789 516 4850 et
533 4775 775 4874 Lagenienses
793 4777 971 4852 rebellant
988 4779 1122 4852 iterum
1141 4798 1272 4855 contra
1289 4783 1560 4859 Tordelbacum
1578 4782 1837 4878 O'Concobar‚
1856 4795 1896 4860 et

1065 4902 1165 4951 Eoo!
