4446 6000
759 630 1018 696 nanneno
1061 631 1461 697 senonienses.
1828 612 1896 707 93

317 842 372 891 mc
394 814 601 911 Fugertuig.
621 812 727 909 [Flan
746 812 966 886 victoriosus
994 810 1092 883 lilius
1111 809 1358 908 Fuger·tuclri.]
1398 829 1435 886 et
1466 812 1573 886 Cturn
1600 832 1766 887 ancorum
1799 814 1894 889 Olil-

319 942 432 1015 clruelu
452 938 672 1011 mmiuntur.

319 1066 387 1141 sstt.
414 1061 540 1144 ffitttl
558 1063 637 1138 uiti.
689 1060 712 1133 J
719 1058 887 1156 ugulatio
906 1056 1115 1151 Cutusuigit
1135 1055 1198 1127 filii
1219 1059 1300 1130 Aill
1319 1061 1377 1145 llo,
1417 1059 1553 1131 irruitis
1589 1059 1748 1133 retinet-b
1785 1061 1897 1159 Regis

319 1183 510 1257 Cruitlnre.
532 1182 644 1281 [apud
665 1184 796 1254 collem
815 1180 1034 1252 artelirctum
1054 1193 1224 1251 sanetum
1243 1182 1421 1253 curatoris
1454 1181 1616 1278 llospitii
1633 1181 1745 1278 Regis
1775 1182 1898 1255 Picto·

317 1331 399 1379 rum
416 1304 636 1396 Hibernae]
687 1305 791 1374 Mors
811 1303 961 1374 Bresrril
993 1326 1047 1375 inc
1065 1302 1244 1397 Coilggen
1264 1303 1421 1375 Abbatis
1441 1302 1626 1376 Ferrrunn.
1680 1306 1899 1379 Cornbnstio

317 1429 465 1505 Cluana
470 1426 585 1525 ferta
605 1427 833 1501 Brennuinu.
862 1424 1084 1496 Combustio
1102 1424 1196 1498 Cute
1213 1426 1322 1496 riunire
1335 1426 1473 1497 neutum
1506 1427 1569 1497 filii
1589 1429 1773 1523 (lenguae.
1816 1430 1897 1526 Bel-

317 1554 393 1625 lum
415 1549 758 1625 Areldceiunnucltta
785 1548 822 1619 in
852 1572 926 1641 quo
960 1546 1096 1618 cecidit
1114 1547 1226 1620 Attin
1243 1548 1338 1619 filius
1365 1547 1628 1637 Duibelucrielt,
1651 1553 1686 1621 ri
1703 1551 1832 1624 :lrddu
1850 1578 1898 1624 ure

316 1672 546 1771 Cinnfeludlr.
573 1698 658 1745 oeus
678 1671 880 1743 Domimnll
895 1694 973 1742 nuuc
992 1669 1154 1742 Cinudou
1174 1667 1393 1766 isiitltguin.
1415 1669 1513 1765 [llex
1531 1672 1831 1761 nrtleianfetadb,
1860 1690 1898 1750 ct

318 1795 543 1869 Donnuldus
562 1795 657 1866 filius
677 1789 866 1866 Kennethi
891 1791 928 1863 in
949 1813 1149 1885 congressu
1171 1791 1388 1887 inopinato]
1425 1796 1459 1865 ·i·
1497 1794 1576 1866 Rex
1596 1796 1657 1891 qud
1677 1798 1767 1871 vicit
1786 1801 1895 1897 prius.

315 1920 428 1992 Mors
448 1919 594 2014 Coirpri
611 1942 666 1989 me
684 1915 894 1988 Mure-itacio
912 1914 1030 2000 Μὶιίο,
1051 1936 1137 1984 ocus
1154 1913 1341 1986 Becebuili
1358 1940 1413 1988 me
1431 1917 1616 2005 Eruiturlr,
1637 1944 1721 1993 oeus
1739 1922 1823 1997 Lib.
1837 1926 1892 1997 ab.

318 2042 519 2140 Muigibile
537 2055 642 2113 steort.
663 2043 775 2136 [mors
810 2037 961 2109 Carbrei
993 2035 1062 2107 lilii
1086 2032 1285 2109 Murclracli
1320 2036 1513 2126 liniensis,
1541 2055 1578 2112 et
1604 2040 1802 2115 Beccbailii
1832 2046 1897 2118 srlii

321 2234 1891 2262 ——-————·-—-———-—-—————q

316 2381 403 2439 opere
418 2363 464 2419 De
480 2359 654 2436 Antiquitutc
680 2356 957 2417 Benedictirtorumiu
973 2355 1088 2433 Augiiu.
1115 2356 1203 2414 Mitto
1215 2355 1397 2424 recentiores,
1425 2358 1473 2434 qui
1494 2359 1561 2416 nihil
1578 2359 1655 2417 aliud
1681 2360 1790 2419 iaciunt
1807 2383 1894 2437 quarn

317 2473 402 2531 cgere
416 2467 523 2514 actum.
552 2456 758 2532 Augustiniuuu
774 2463 940 2529 argumenta
964 2471 1047 2509 nemo
1071 2450 1184 2508 doctius
1205 2452 1233 2508 in
1258 2452 1381 2509 medium
1397 2457 1570 2532 offertquam
1585 2456 1720 2512 Nicoluus
1742 2456 1898 2521 Crureuius,

319 2552 365 2608 De
377 2552 565 2608 ‚ttturucttsuro
575 2551 605 2608 S.
617 2550 771 2626 Augustini
785 2560 866 2623 parte
882 2555 910 2614 ²2,
925 2567 951 2605 e.
969 2549 1109 2616 tt.-At,
1123 2566 1194 2622 pace
1213 2547 1336 2603 virorum
1360 2549 1512 2606 illustrium
1526 2548 1665 2625 cujusque
1679 2551 1796 2618 ordinis,
1827 2553 1896 2610 illud

316 2664 370 2721 pro
383 2648 528 2703 axiomate
553 2646 581 2702 in
601 2647 697 2703 Rebus
710 2643 873 2700 llibernieis
888 2642 1050 2699 habendum
1065 2656 1117 2709 est,
1132 2641 1405 2715 Angustinianorum
1431 2644 1621 2703 Eremitarum
1638 2646 1763 2722 regulum
1774 2648 1899 2722 ignotam

318 2741 402 2797 fuisse
412 2742 441 2797 in
458 2740 607 2806 Hibernia,
630 2738 702 2793 sieut
727 2746 754 2792 et
775 2737 871 2811 ubique
883 2738 911 2791 ni
914 2735 1019 2811 fuller,
1035 2748 1102 2793 unte
1117 2736 1252 2793 saeculum
1267 2737 1369 2803 xii,uti
1391 2739 1548 2797 certissima
1570 2740 1761 2797 calculatione
1780 2741 1899 2798 ‹lernou-

316 2844 388 2891 strut
405 2835 492 2889 iturus
504 2833 541 2887 W
540 2832 625 2906 rading
633 2832 787 2897 Hibernos,
803 2830 831 2885 in
845 2828 958 2885 erudito
967 2830 1147 2903 Apologetieu
1160 2831 1206 2885 De
1218 2842 1356 2905 praetenso
1367 2832 1544 2893 Monachum
1555 2835 1765 2911 Augustiniano
1773 2836 1802 2894 S.
1815 2837 1899 2893 Fratr-

317 2930 398 2997 eisei,
412 2928 531 2985 bladriti
548 2923 636 2993 1625,
650 2939 679 2982 et
693 2936 793 3000 postea
808 2922 939 2997 Lugduni
958 2919 1327 2981 1641.—Beuedietinorum
1341 2927 1539 3001 antiquitatem
1565 2928 1647 2986 Bcdu
1667 2948 1762 3004 opera,
1787 2941 1816 2987 et
1830 2930 1898 2987 tta-

312 3025 417 3081 diilouii
429 3023 560 3079 doctrina
573 3024 741 3078 inconcusse
755 3018 958 3077 demonstrant.
984 3020 1024 3074 At
1035 3017 1116 3073 fateri
1128 3018 1215 3075 etiam
1230 3020 1368 3093 cogimur,
1382 3020 1465 3095 longe
1479 3022 1652 3095 antiquiores
1661 3042 1721 3079 esse
1738 3025 1897 3083 blonaehos

316 3120 514 3186 Ilibemenses,
526 3136 581 3176 nec
592 3116 728 3188 majorem
743 3113 846 3170 habcrc
861 3130 962 3169 eorum
978 3112 1088 3187 regulus
1098 3129 1165 3168 cum
1179 3113 1635 3190 Beneelictina,relAugustiniona
1648 3118 1898 3193 propinquitatem,

316 3234 403 3291 quam
416 3235 482 3272 cum
497 3211 679 3270 orientalium
694 3208 906 3267 Illonuclrorum
919 3206 1066 3275 institutis,
1080 3207 1193 3281 quibus,
1208 3208 1236 3264 in
1250 3209 1306 3265 cibi
1322 3208 1471 3283 «unalitate,
1484 3220 1514 3267 et
1537 3210 1704 3268 Psalmodiae
1725 3213 1823 3269 ordine
1834 3234 1900 3290 pro-

315 3312 378 3386 pius
393 3310 543 3375 accedunt,
564 3324 684 3363 necnon
698 3316 726 3361 et
740 3304 769 3360 in
784 3305 845 3378 ipso
859 3303 998 3361 sermonis
1013 3320 1076 3370 usu,
1091 3303 1119 3358 in
1131 3321 1189 3377 quo
1199 3303 1267 3361 hinc
1278 3304 1342 3360 inde
1360 3302 1518 3361 miscentur
1531 3307 1615 3362 rerba
1629 3304 1824 3377 Perimuciuru,
1846 3308 1899 3366 Ce-

313 3406 441 3474 ruodouiu,
451 3403 578 3480 Sunucis,
594 3401 836 3469 Arelimuudritu,
851 3398 979 3469 Nomius,
995 3408 1026 3457 et
1040 3397 1109 3466 alia,
1126 3398 1241 3475 AEgypti
1256 3399 1407 3456 Monaclris
1421 3400 1536 3469 usitata,
1551 3412 1704 3476 antequam
1720 3402 1748 3458 in
1763 3404 1823 3461 nlla
1843 3406 1906 3463 ulia

316 3500 512 3561 Occidentalis
527 3501 649 3574 Europae
662 3498 789 3572 [legione
804 3507 1019 3570 usurparentur.
1063 3494 1153 3551 Extat
1167 3513 1255 3569 usque
1266 3494 1351 3551 hodie
1362 3494 1393 3552 S.
1407 3494 1577 3553 Columbuni
1593 3496 1712 3572 Regulo,
1720 3510 1749 3554 et
1762 3498 1899 3556 l’uuiteu-

314 3597 392 3665 tiele,
406 3598 506 3673 saepius
520 3596 550 3651 iu
573 3595 665 3651 lucem
681 3593 775 3660 editae,
789 3610 807 3647 a
823 3590 958 3647 Goldorto
970 3591 997 3645 in
1013 3589 1194 3647 Paraeneticis
1210 3589 1373 3656 Veteribus,
1387 3608 1406 3645 a
1422 3588 1625 3665 Messiuglomo
1652 3593 1680 3648 in
1709 3594 1867 3670 florilegio,
1882 3616 1900 3655 a

314 3691 441 3751 Joinuue
453 3690 552 3747 'l'onrco
566 3690 595 3746 in
607 3689 751 3746 Columba
764 3688 863 3755 Sacra,
887 3706 905 3743 a
918 3685 1058 3761 Steugelio
1072 3685 1101 3741 in
1112 3685 1228 3742 Corona
1239 3684 1346 3751 lueida,
1357 3704 1375 3740 a
1390 3684 1425 3742 T.
1435 3684 1528 3741 Sirino
1540 3687 1568 3741 in
1582 3686 1770 3745 collectaneis
1793 3692 1897 3749 Sacris.

314 3788 425 3863 Regula
438 3784 606 3849 Coiuurbuui,
618 3784 759 3858 descripta
770 3785 807 3837 ab
820 3780 968 3837 Holrteniu
982 3800 1019 3837 ex
1034 3780 1143 3843 Codice
1159 3780 1274 3853 neginae
1286 3780 1406 3848 Sueciae,
1416 3800 1434 3836 a
1445 3783 1554 3839 caeteris
1569 3783 1701 3839 omnibns
1712 3784 1899 3841 occidentali-

314 3883 367 3939 bus
377 3882 495 3949 dimrsn,
507 3879 630 3954 plurium
643 3878 850 3955 Episcoporum
865 3876 1003 3951 suffragiis
1014 3877 1044 3933 in
1058 3875 1182 3933 concilio
1191 3874 1391 3931 ullotireoueusi
1404 3877 1573 3934 confirmata
1595 3876 1657 3939 suit,
1678 3874 1830 3945 unn0617,
1854 3901 1898 3936 se-

312 3977 440 4035 cundum
453 3974 618 4040 llaronium,
631 3983 662 4030 et
675 3972 812 4040 llinnium,
839 3973 887 4028 sed
900 3973 1006 4028 rectius
1018 3987 1094 4026 atino
1108 3966 1178 4039 627,
1189 3980 1222 4025 ut
1236 3970 1265 4025 in
1275 3968 1355 4026 Jeme
1370 3968 1506 4027 Illonuclri
1521 3971 1577 4026 ritu
1589 3970 1721 4038 Etutam,
1731 3984 1758 4027 et
1769 3973 1796 4026 in
1806 3973 1898 4028 Turno

311 4073 340 4129 V
361 4069 555 4127 Conciliorum
570 4066 676 4123 Labbei
699 4085 726 4139 p.
742 4060 826 4121 1686.
868 4065 1010 4122 Jamvero
1026 4064 1127 4122 nullibi
1141 4065 1170 4121 in
1188 4066 1400 4140 suisoperibus,
1424 4065 1502 4121 relS
1523 4065 1684 4138 flu-‚rustini
1700 4066 1741 4121 sel
1756 4064 1897 4123 Benedicti

312 4165 452 4234 meminit,
483 4162 610 4239 quumvis
634 4159 684 4217 SS.
698 4158 807 4226 Basilii,
833 4158 1007 4234 Hieronymi,
1035 4158 1179 4234 Gregorii,
1201 4157 1338 4233 Comgulii
1361 4158 1566 4224 Berreltorensis,
1598 4169 1626 4214 et
1650 4159 1771 4217 aliorum
1793 4164 1894 4239 saepius

311 4261 485 4319 mentionem
500 4257 597 4324 laciat,
620 4264 650 4312 ct
668 4254 813 4311 interdum
837 4255 874 4310 ad
894 4272 952 4311 suae
972 4253 1109 4309 doctrina
1123 4252 1379 4322 confirmationem,
1391 4272 1488 4309 eorum
1505 4254 1592 4310 etium
1607 4256 1691 4310 rerba
1706 4258 1898 4331 producut.—

312 4358 467 4421 Praeterea,
480 4362 560 4409 extat
575 4350 671 4409 adbuc
684 4350 714 4405 in
725 4348 909 4415 Cottoniano,
925 4348 1061 4404 Auctoris
1085 4349 1186 4405 uetusti
1212 4348 1323 4405 libellus
1344 4352 1363 4380 ‘⁴
1378 4350 1424 4406 De
1445 4349 1613 4406 Olliciorum
1631 4351 1898 4411 Ecclesiasticorum

311 4451 437 4525 origine''
449 4469 468 4506 a
477 4448 550 4505 mille
569 4456 597 4504 et
610 4445 728 4521 unrpliua
742 4443 822 4499 unitis
836 4450 976 4509 (uerutus,
992 4453 1112 4499 testante
1137 4442 1261 4511 Usserio,
1277 4443 1415 4501 l‘rimord.
1428 4464 1456 4521 p.
1469 4452 1538 4514 utu,
1561 4434 1647 4520 cujus¹
1658 4447 1794 4504 lraeesunt
1810 4451 1896 4504 rerba

312 4552 331 4579 ⁸⁸
342 4546 377 4603 B.
392 4545 575 4619 Hieronymus
589 4542 710 4598 affirmat
726 4540 818 4615 ipsum
830 4556 945 4595 cursum
957 4539 1006 4613 qui
1021 4538 1128 4594 elicitur
1142 4549 1279 4614 praesente
1291 4550 1418 4615 tempore
1429 4540 1583 4609 Scotorum,
1600 4542 1631 4596 ll.
1646 4542 1778 4597 Murcum
1792 4542 1896 4598 ‹lecan-

312 4646 333 4673 “
349 4639 475 4696 turisse.”
498 4640 598 4695 Postea
606 4638 641 4692 de
656 4637 707 4692 SS.
722 4633 862 4690 Gerruuno
875 4646 905 4691 et
921 4632 995 4709 Lupo
1013 4634 1158 4709 subjungit
1172 4634 1229 4690 “ll.
1239 4633 1393 4690 Patricium
1408 4636 1571 4710 spiritaliter
1581 4635 1686 4690 litteras
1701 4654 1795 4689 seueras
1809 4637 1898 4693 docu-

314 4738 334 4768 “
356 4744 450 4798 erunt,
463 4745 491 4788 et
507 4732 599 4806 ipsum
613 4731 794 4807 Episcopum,
815 4750 864 4806 per
879 4749 978 4787 eorum
991 4728 1223 4806 praedicationem
1238 4729 1506 4804 Arclriepiscopum‚
1531 4730 1559 4783 in
1574 4727 1698 4793 Scottiis,
1716 4746 1751 4784 ac
1763 4730 1896 4792 llrituniis

315 4832 335 4861 “
351 4836 511 4902 posuerunt.
558 4825 698 4882 Patricius
714 4827 805 4901 ipsum
816 4846 930 4883 cursum
947 4826 1051 4885 ibidem
1064 4825 1237 4893 decantarit,
1262 4837 1366 4899 etpost
1384 4825 1473 4897 ipsum
1491 4821 1523 4875 il.
1541 4818 1716 4877 li'orrdilueus
1740 4824 1844 4896 Senex,
1869 4839 1897 4886 et

315 4928 334 4958 “
358 4922 391 4981 B.
402 4918 578 4995 Comogillur,
587 4918 652 4994 [i.e.
667 4918 799 4996 cotegna!
810 4919 1018 4996 Beucitureusis]
1033 4921 1082 4997 qui
1090 4920 1253 4980 habuerunt
1262 4919 1291 4975 in
1304 4937 1402 4978 corum
1418 4916 1595 4977 blonasterio
1609 4916 1770 4980 Monachus
1783 4922 1897 4989 circiter
