4446 6000
626 534 1066 604 annosarrorras
1108 535 1199 605 An,
1221 537 1341 601 siae.
1363 538 1496 604 v111.
1749 516 1846 611 153

195 780 197 783 ,
274 730 297 768 ·’
316 720 507 782 Hibemeneee.
520 719 563 792 (l)
576 719 709 795 Ptolomy
719 718 815 794 places
827 716 874 776 the
887 715 1075 774 Caledonians
1087 716 1117 773 in
1132 716 1179 774 the
1193 729 1305 795 present
1316 719 1503 794 Highlands.''
1516 723 1667 795 (tl-Non
1681 730 1725 782 est
1744 745 1797 784 cur
1818 727 1847 786 in

273 843 306 884 re
323 839 383 884 tam
402 824 550 882 manifesta
562 821 893 882 diutiusimmorandunr
907 820 1078 889 existimem,
1094 838 1161 878 cum
1176 822 1342 879 Doctissimi
1360 823 1434 893 Viri,
1457 823 1598 893 Ueneriae,
1613 836 1642 883 et
1656 824 1848 910 Stillirrgfiert,

272 934 389 994 abunde
399 928 666 996 demonstraverint,
681 925 807 984 Scotiam
821 925 970 999 antiquam
983 941 1039 980 non
1052 922 1138 980 aliam
1153 923 1238 982 luisse
1251 944 1336 1000 quarn
1352 927 1530 998 Hiberniam,
1544 941 1572 986 et
1592 930 1693 988 Scotos
1708 950 1764 990 non
1778 933 1849 992 alios

270 1054 358 1111 quam
374 1034 526 1099 Hibernos,
538 1048 626 1106 genus
640 1029 788 1087 hominum
804 1026 1046 1085 bellicosissimum
1061 1036 1252 1089 memoratum
1265 1049 1283 1086 a
1306 1030 1489 1100 Marcellino,
1503 1033 1551 1109 qui
1576 1034 1696 1109 proinde
1711 1052 1848 1094 curruum

271 1137 444 1198 bellicorum
472 1152 556 1193 usum
588 1133 720 1209 ignorare
743 1132 903 1191 nullatenus
926 1135 1153 1207 potuerunt.-“
1169 1131 1195 1188 lt
1216 1131 1240 1189 is
1261 1134 1348 1202 clear,
1373 1122 1424 1192 not
1444 1135 1512 1211 only
1538 1135 1610 1194 imm
1634 1138 1673 1196 all
1695 1139 1742 1197 the
1768 1142 1851 1199 Scott
1930 1110 1935 1119 ι

272 1246 292 1276 “
314 1242 421 1317 history
433 1259 475 1297 we
488 1239 560 1296 have
578 1237 612 1293 ol
618 1236 666 1295 the
686 1237 780 1303 times,
795 1235 934 1293 butirum
948 1234 1035 1301 liade,
1050 1233 1123 1291 from
1137 1234 1185 1292 the
1199 1250 1273 1293 most
1286 1237 1434 1296 authentia
1448 1242 1557 1298 writers
1578 1242 1621 1298 ior
1632 1261 1671 1299 an
1684 1261 1735 1316 age
1746 1261 1780 1299 or
1794 1255 1850 1300 two

271 1352 291 1384 ‘⁴
314 1347 409 1404 before
427 1346 484 1403 and
498 1344 571 1401 aiter
593 1342 662 1410 him,
682 1343 740 1398 and
771 1341 844 1396 irorn
865 1338 913 1396 the
927 1339 1040 1395 noman
1053 1337 1170 1408 writers,
1197 1338 1261 1397 that
1274 1340 1421 1408 Scotland,
1446 1343 1548 1419 during
1569 1344 1617 1400 tlre
1633 1344 1744 1401 Roman
1758 1345 1850 1403 dorni·

269 1455 289 1487 ‘⁴
311 1453 410 1510 nation
431 1451 462 1506 in
487 1447 609 1516 Britain,
619 1445 759 1503 subsisted
778 1442 868 1500 under
886 1452 942 1499 two
962 1439 1094 1498 different
1116 1441 1312 1514 Monarchies,
1328 1443 1399 1501 lrish
1414 1464 1448 1501 or
1471 1446 1594 1516 Scotish,
1618 1448 1673 1504 and
1690 1448 1851 1506 Pictish.-'-
1917 1444 1920 1449 ’

271 1560 291 1590 “
314 1554 470 1612 Eumenius
484 1561 580 1615 states,
593 1551 657 1608 that
671 1549 766 1607 before
781 1548 828 1605 the
839 1545 942 1604 arrival
952 1545 986 1601 ot
994 1546 1022 1603 J.
1033 1544 1137 1616 Caesar,
1159 1545 1207 1604 the
1221 1547 1336 1604 Britons
1349 1567 1421 1606 were
1434 1551 1616 1607 accustorned
1632 1563 1662 1608 to
1671 1552 1721 1610 the
1735 1553 1851 1611 inroads

271 1663 292 1695 ‘⁴
310 1659 346 1716 oi
356 1659 436 1716 those
449 1667 505 1716 two
518 1655 672 1714 enemies.”
693 1659 712 1688 “
728 1652 861 1709 Hibernis
873 1650 988 1707 modoet
1002 1649 1094 1706 Pictis
1107 1651 1210 1707 nemeti
1223 1650 1372 1709 mertem!
1387 1653 1588 1724 (sb-Tacitus
1604 1656 1717 1730 quidem
1729 1676 1851 1716 asserere

269 1762 394 1830 videtur,
409 1760 553 1816 Hibernos
568 1777 625 1816 non
642 1757 727 1815 luisse
748 1763 862 1832 gentem
874 1753 1192 1819 bellicosam—narrat
1204 1753 1279 1811 enirn
1295 1754 1468 1829 Agricolam,
1493 1755 1608 1812 Partem
1623 1757 1775 1816 Britanniae
1788 1779 1851 1836 quas

272 1863 441 1921 Hiberniam
463 1862 576 1938 aspicit,
589 1860 682 1936 copiis
695 1858 862 1916 instruxisse
872 1858 991 1931 intpern,
1006 1857 1092 1931 magis
1106 1875 1192 1933 quam
1204 1857 1233 1913 in
1247 1855 1440 1931 formidines,
1462 1873 1493 1916 et
1504 1877 1579 1935 saepe
1589 1879 1620 1918 se
1629 1861 1775 1931 eadivim,
1796 1863 1849 1920 Le·

271 1968 354 2043 gione
364 1975 476 2035 una,·et
488 1963 609 2022 modicis
631 1963 747 2021 auxiliis
758 1959 928 2018 Hiberniam
942 1978 1025 2035 posse
1043 1959 1316 2018 debellari--At
1325 1959 1431 2019 fatetur
1451 1981 1483 2020 se
1503 1964 1597 2039 potius
1607 1964 1749 2039 Agriooloe
1763 1965 1854 2023 Pane-

268 2072 394 2148 gyricum
409 2069 543 2137 scribere,
557 2087 644 2143 quam
659 2066 880 2124 Historiam—“
895 2063 953 2121 Hic
972 2065 1043 2122 liber
1065 2063 1161 2122 horrori
1174 2063 1317 2142 Agricola
1328 2065 1417 2122 soceri
1436 2065 1489 2122 mei
1498 2065 1662 2139 destinatur,
1678 2067 1852 2144 protensione

267 2175 390 2251 pietatis,
401 2184 452 2230 aut
465 2173 598 2231 laudatus
610 2170 675 2238 erit,
687 2180 737 2227 aut
751 2170 922 2229 armare?
931 2171 974 2243 (4)

311 2278 384 2346 Quis
398 2296 475 2345 vero,
501 2276 555 2333 nisi
577 2275 702 2352 partium
716 2275 817 2335 studiis
836 2278 981 2349 abreptus,
1002 2292 1060 2331 non
1072 2272 1150 2329 videt
1166 2273 1273 2330 nullam
1288 2271 1376 2331 aliam
1390 2272 1475 2333 irrisae
1488 2293 1614 2346 caumm,
1638 2276 1722 2334 istam
1738 2277 1851 2337 Britan·

268 2382 323 2439 niae
349 2389 544 2455 partemque
569 2377 738 2433 Hiberniam
759 2376 864 2452 aspicit
888 2376 978 2452 copiis
1004 2375 1174 2442 instruendi,
1199 2376 1253 2432 uisi
1278 2383 1432 2433 utcontra
1453 2377 1647 2435 Hibernorum
1673 2380 1848 2439 incursiones

270 2487 423 2542 tueretur?
472 2482 603 2549 Tacitus,
617 2480 722 2538 librum
736 2481 874 2553 scribens,
888 2479 985 2538 honori
1008 2479 1150 2556 Agricola
1170 2481 1259 2538 soceri
1275 2479 1319 2536 eui
1332 2479 1514 2549 destinatum,
1537 2480 1713 2555 professione
1733 2483 1846 2558 pietatis

270 2589 454 2645 excusandus
472 2595 526 2643 est.
586 2584 648 2641 Nos
674 2595 781 2653 eutem,
807 2584 923 2641 vetustis
947 2584 1165 2642 auctoritatibus
1189 2583 1302 2653 eruditi,
1326 2583 1420 2641 Taciti
1434 2585 1520 2642 verba
1540 2584 1637 2642 virtuti
1653 2585 1848 2644 Hibernorum

235 2692 240 2701 “
269 2689 386 2746 minime
395 2688 536 2745 adversari
548 2687 745 2763 perspicimus,
759 2704 853 2763 neque
866 2688 949 2745 decet
960 2688 1046 2745 Viros
1061 2688 1214 2763 simplices,
1233 2697 1262 2744 et
1274 2697 1398 2761 apertos,
1410 2687 1560 2745 subtilitati
1575 2687 1605 2746 irr
1622 2688 1793 2765 disputando
1806 2688 1851 2746 ni·

271 2790 359 2846 mium
374 2789 529 2862 indulgere,
542 2795 594 2859 aut
606 2787 709 2843 Tacito
717 2786 781 2861 plus
792 2787 916 2844 tribuere
926 2806 1013 2863 quam
1026 2789 1086 2863 ipse
1099 2790 1234 2865 postulat,
1256 2791 1299 2846 vel
1311 2809 1397 2866 quam
1411 2794 1497 2849 ve'rba
1518 2792 1590 2867 ejus,
1611 2804 1643 2850 et
1654 2812 1767 2870 scopus,
1787 2794 1849 2852 sine

271 2890 370 2948 fraude
382 2893 418 2947 ab
429 2891 491 2965 ipso
502 2889 674 2958 declaratus,
695 2888 879 2947 tribuendam
895 2890 1069 2947 concedunt.
1109 2890 1283 2949 Laudandus
1297 2903 1360 2951 erat
1373 2896 1518 2969 Agricola,
1532 2916 1590 2955 non
1604 2901 1680 2974 quod
1694 2900 1723 2956 in
1737 2899 1847 2958 steriles

270 2993 434 3052 Caledonia
447 3003 556 3057 montes
566 2999 661 3049 castra
674 2995 870 3066 moveretvsed
884 2992 961 3069 quod
980 2991 1146 3050 Hiberniam
1160 2992 1285 3069 imperio
1295 2994 1420 3070 adjicere
1433 2998 1616 3068 festinaverit,
1631 3004 1651 3032 ‘⁴
1662 3019 1726 3075 quae
1738 3001 1846 3072 Insula,

269 3103 290 3133 ‘⁸
313 3099 407 3156 medio
420 3097 495 3154 inter
502 3095 680 3152 Britanniam
698 3103 728 3152 et
742 3093 910 3172 Hispaniam
923 3096 988 3167 sita,
1000 3095 1115 3156 Gallico
1130 3098 1200 3156 mari
1214 3107 1385 3176 opportuna,
1397 3100 1506 3158 lusulas
1516 3101 1655 3178 Tyrrheni
1670 3105 1754 3162 maris
1767 3123 1846 3182 mag·

271 3209 291 3239 ‘⁴
313 3203 441 3260 nitudine
455 3217 602 3277 superans,
616 3208 647 3256 et
655 3198 784 3256 meliores
795 3198 901 3258 habens
915 3200 1021 3271 aditus,
1034 3209 1200 3278 portusque,
1211 3221 1264 3278 par
1276 3205 1450 3262 commercia
1461 3215 1491 3261 et
1502 3190 1695 3280 negociatores
1709 3210 1849 3284 cognitos,

269 3312 290 3342 ¹⁶
313 3325 398 3383 quam
413 3304 474 3382 ipsa
485 3301 643 3370 britannia,
656 3301 878 3361 valentissimam
888 3304 1004 3380 Imperii
1017 3312 1127 3380 partem
1135 3303 1335 3380 [Britanniam
1350 3306 1488 3376 Galliam,
1499 3317 1530 3365 et
1539 3307 1730 3383 Hispaniam]
1741 3310 1848 3388 magnis

269 3416 289 3446 ‘⁴
311 3411 435 3469 invicem
449 3409 547 3466 usibus
565 3404 740 3464 miscuerit.”
759 3404 855 3464 Tacit.
862 3407 925 3465 Vit.
936 3410 1035 3484 Agric.
1044 3412 1259 3487 etde-Atqui
1272 3409 1334 3468 haec
1347 3411 1376 3468 in
1385 3411 1493 3468 laudem
1502 3430 1619 3470 narrare
1630 3431 1687 3470 non
1695 3424 1800 3490 posset,
1822 3415 1845 3472 si

269 3515 324 3574 Rei
336 3512 558 3590 magnitudinem
569 3510 744 3578 describens,
758 3509 840 3568 valde
854 3513 1053 3599 periculosam,
1065 3524 1096 3572 et
1111 3514 1288 3591 Reipublicae
1299 3514 1508 3591 dispendiosam
1520 3515 1700 3574 declarasset.
1742 3517 1847 3576 Hiber·

269 3617 317 3675 nia
330 3616 445 3693 quidem
458 3613 611 3682 debellata,
626 3612 758 3670 Oratoiis
775 3622 859 3683 esset,
881 3617 911 3673 in
930 3617 1048 3677 landem
1065 3619 1208 3694 Agricola
1222 3619 1403 3677 difficultates
1415 3629 1444 3677 et
1456 3620 1617 3678 discrimina
1631 3621 1847 3697 amplificare-

269 3719 330 3789 sed,
344 3738 375 3775 re
389 3729 500 3775 tantum
523 3716 678 3792 proposita,
692 3724 722 3772 et
736 3715 851 3787 iniecta,
871 3719 1032 3778 laudandus
1043 3738 1100 3778 non
1115 3735 1186 3790 erat,
1205 3721 1258 3779 nisi
1272 3722 1341 3798 quia
1352 3740 1388 3778 ea
1403 3722 1591 3798 proposuerit,
1615 3742 1678 3799 quae
1688 3723 1844 3800 Imperium

271 3822 434 3889 dilatarent,
448 3830 478 3877 et
493 3823 602 3896 absque
611 3819 688 3895 gravi
699 3819 849 3895 dispendio
864 3822 896 3879 P.
909 3822 1030 3879 Romani
1046 3823 1257 3898 perficerentur.
1299 3823 1356 3889 Qui
1366 3823 1458 3880 Taciti
1473 3834 1594 3880 mentem
1608 3841 1707 3881 eruere
1718 3825 1848 3899 cupiunt,

269 3926 364 4000 legant
378 3923 470 3999 primo
484 3923 637 3997 Dialogum
648 3922 710 3997 ejus
722 3922 755 3980 de
768 3922 942 3993 Oratoribus,
964 3935 1063 4002 postea
1078 3923 1105 3980 V
1104 3925 1171 3981 itorrr
1184 3924 1334 4000 Agricola,
1347 3937 1377 3983 et
1396 3925 1543 3983 conserant
1555 3924 1722 3982 Orationem
1732 3926 1844 3984 Claudii

269 4029 298 4085 in
313 4029 332 4087 Ι.
344 4028 373 4100 xi
388 4024 493 4084 Annal.
505 4043 532 4084 c.
543 4032 592 4095 24,
602 4043 668 4082 cum
682 4027 805 4104 genuina
815 4029 946 4088 oratione
957 4047 1011 4088 aere
1021 4029 1120 4099 incisa,
1136 4024 1277 4108 Lugduni.

385 4205 429 4245 DE
444 4201 666 4249 ORGANORUM
683 4203 723 4243 HT
738 4203 943 4245 PSALHODIAE
959 4205 1025 4246 USU
1052 4205 1088 4244 nt
1113 4205 1278 4246 VETUSTIS
1296 4204 1535 4245 trtnnnnolwnt
1552 4200 1735 4246 accuens.

307 4317 439 4393 Jamque,
452 4324 486 4373 ut
498 4315 535 4372 ad
549 4313 607 4371 alia
619 4311 753 4370 diluenda
762 4312 934 4391 progrediar,
961 4315 983 4371 si
1008 4315 1164 4393 Annalium
1185 4315 1377 4372 Hibernornm
1401 4316 1567 4384 auctoritas,
1582 4327 1699 4392 propter
1722 4315 1846 4374 rationes

269 4420 371 4478 allatas
384 4419 542 4495 rejicienda
551 4430 607 4489 est,
627 4418 764 4476 aiortiori
777 4419 931 4496 rejicienda
941 4419 1005 4489 erit,
1020 4413 1089 4497 quia
1101 4417 1274 4497 Organorrrr'a
1288 4407 1465 4493 direptionem
1479 4439 1516 4477 ex
1536 4419 1666 4478 Ecclesia
1687 4420 1844 4478 Clooncre·

270 4541 368 4581 mense
379 4532 538 4580 memorant
547 4522 584 4580 ad
597 4540 704 4579 annum
720 4528 789 4593 814,
809 4524 870 4581 brec
884 4524 961 4582 enim
974 4525 1132 4600 posteriora
1144 4525 1248 4582 saecula
1262 4544 1281 4582 a
1291 4523 1401 4583 fortiori
1412 4524 1538 4584 redolere
1548 4525 1726 4582 videbuntur.

283 4814 327 4880 (r)
342 4814 398 4863 vot.
410 4820 433 4870 a,
444 4831 468 4877 p.
479 4819 616 4870 rsa—aee.
628 4821 719 4868 assat
729 4823 786 4867 aas.
852 4819 895 4884 (r)
912 4820 1165 4885 v.1,p.ror‚nere.

282 4898 325 4958 (8)
338 4894 445 4958 Legendi
452 4902 506 4941 sunt
517 4895 548 4942 de
559 4896 605 4943 hoe
614 4907 755 4959 argumento
769 4899 881 4955 Ueneriae,
893 4900 1009 4950 Primord.
1022 4892 1045 4965 p.
1056 4897 1359 4956 ⁷21·?84,etl’rldeeur
1368 4894 1539 4952 minanam,
1551 4892 1627 4947 lond.
1637 4895 1708 4954 itte,
1720 4912 1774 4964 pag.
1787 4900 1842 4948 188.

289 4976 379 5025 oraton
390 4974 452 5035 Mep
463 4973 492 5020 os
499 4974 540 5020 the
553 4975 594 5022 W.
606 4974 712 5039 Empire,
723 4979 810 5026 Scorto.
906 4978 950 5043 (4)
967 4981 1043 5029 Tacit.
1054 4980 1086 5028 de
1097 4980 1147 5028 Vir.
1159 4978 1279 5042 Agricola
1289 4976 1385 5031 Elaivir,
1397 4991 1420 5038 p.
1432 4977 1488 5024 660.

988 5058 1010 5105 Χ
