4446 6000
317 549 416 659 178
635 624 639 631 .
699 561 1139 635 annonamones
1181 566 1255 629 an
1286 567 1415 629 sac.
1438 566 1572 632 r111.

314 776 373 834 quo
386 765 508 826 constat,
526 755 674 834 praedictos
686 753 827 809 Hibernos
841 751 871 807 in
884 747 1008 806 Galliam
1023 746 1191 823 pervenisse,
1204 746 1290 821 paulo
1303 757 1454 821 aritequam
1463 747 1597 806 Alcninar
1610 768 1647 807 eo
1666 753 1900 827 proficisceretur

314 878 390 918 anno
401 866 420 924 7
424 868 470 928 80,
487 870 515 916 et
532 859 679 925 Albinum,
692 855 848 913 Clementis
862 853 981 919 socium,
995 851 1077 924 longe
1092 851 1232 905 diversum
1250 848 1333 905 fuisse
1357 850 1393 905 ab
1414 850 1533 906 Alcuino
1547 853 1652 928 Anglo,
1666 855 1771 932 dequo
1787 857 1898 917 stabit·

313 966 406 1022 louius
420 965 519 1039 inquit,
534 973 597 1037 post
610 980 691 1019 suum
705 977 850 1015 accessum
862 958 890 1013 in
910 955 1030 1021 Gallias,
1056 953 1166 1010 duobus
1181 963 1291 1009 tantum
1304 952 1334 1007 iu
1353 953 1422 1008 locis
1441 954 1554 1010 scholas
1575 954 1717 1028 habuisse,
1740 958 1774 1016 in
1787 933 1907 1018 Palatio·

314 1067 412 1142 Regio,
423 1079 453 1123 et
465 1067 494 1121 in
508 1063 683 1122 lllonasterio
709 1061 737 1118 S.
753 1059 881 1117 Martini.
891 1055 1052 1129 (l)-Aula
1062 1054 1202 1130 Principis
1215 1067 1283 1110 tunc
1298 1073 1354 1109 non
1366 1073 1423 1111 uno
1437 1056 1502 1113 loco
1518 1058 1585 1126 fixa,
1599 1060 1650 1117 sed
1663 1079 1741 1135 rega,
1764 1073 1795 1119 et
1804 1063 1898 1121 inam·

314 1169 413 1225 bulans
425 1167 487 1236 suit,
497 1177 527 1224 et
541 1177 602 1223 toto
613 1178 751 1240 tempore,
763 1184 780 1219 a
791 1181 849 1238 quo
861 1161 1002 1217 Alcuinus
1015 1159 1108 1234 primo
1117 1157 1147 1212 in
1161 1157 1287 1212 Galliam
1302 1157 1425 1223 advenit,
1442 1160 1577 1234 usquead
1592 1180 1698 1220 annum
1708 1160 1780 1233 796,
1795 1183 1852 1242 quo
1867 1167 1897 1225 in

315 1270 522 1328 Monasterium
536 1269 566 1326 S.
581 1268 698 1325 Martini
716 1265 866 1322 translatus
879 1272 933 1330 est,
952 1260 1073 1319 Carolus
1085 1279 1140 1316 non
1154 1260 1198 1315 vel
1212 1261 1299 1316 semel
1313 1262 1388 1336 apud
1402 1263 1524 1320 Parisios
1535 1265 1692 1324 constitisse
1703 1270 1823 1337 videtur,
1844 1270 1896 1328 sed

314 1373 395 1429 variis
417 1372 446 1428 in
467 1372 548 1439 locis,
564 1372 639 1428 unde
661 1369 719 1426 fieri
742 1384 921 1441 nequaquam
945 1364 1047 1441 potuit,
1071 1375 1103 1420 ut
1125 1363 1311 1420 Academiam
1331 1363 1514 1422 Parisiensem
1526 1366 1660 1424 alcuinus
1676 1370 1836 1430 instituerit.
1851 1363 1898 1445 (2)

315 1477 400 1535 Errat
412 1478 508 1553 itaque
527 1475 697 1550 quicumque
711 1490 776 1529 cum
791 1469 885 1525 Bulaeo
898 1467 925 1523 id
945 1466 1054 1530 asserit,
1074 1482 1125 1520 nec
1139 1465 1206 1520 satis
1216 1465 1268 1520 sibi
1285 1474 1395 1522 constat
1414 1467 1466 1523 Vir
1479 1468 1537 1535 ille,
1560 1471 1686 1547 alioquin
1705 1475 1896 1552 doctissimus,

315 1581 373 1656 qui,
398 1581 426 1636 in
442 1579 569 1636 Historia
581 1574 744 1634 Academia
769 1569 941 1637 Parisiensis‚
955 1567 1120 1624 Aventinum
1134 1567 1269 1643 producit
1284 1567 1426 1626 dicentem
1454 1571 1573 1639 “Quod
1587 1574 1708 1633 Carolus
1723 1578 1847 1655 Magnus
1860 1600 1896 1640 ex

312 1684 453 1749 Hibernia
477 1682 548 1738 duos
575 1681 685 1744 Scotos‚
710 1673 882 1739 Clementem,
909 1681 937 1727 et
960 1670 1099 1739 Albirrum,
1123 1669 1237 1737 accivit,
1268 1682 1300 1727 ut
1330 1685 1491 1733 tumerent
1513 1681 1898 1752 tempora,eruditissimos,'’

314 1807 377 1864 pag.
388 1782 439 1854 96,
464 1795 610 1841 ettamen
634 1783 719 1838 istum
741 1778 879 1835 Albinum
904 1793 970 1832 cum
995 1774 1121 1832 Alcuino
1147 1773 1313 1832 contundit!
1350 1776 1459 1835 lterum
1486 1778 1649 1854 Lupoldum
1675 1782 1897 1859 Bambegensem

316 1888 586 1957 citat„scribentem
610 1889 630 1916 ‘⁴
645 1882 745 1939 Gallos
765 1879 869 1955 aequari
884 1896 965 1953 posse
981 1877 1127 1944 Romanis,
1141 1887 1170 1933 ct
1183 1876 1411 1949 Atheniensibus,
1424 1900 1596 1958 pcroperam
1610 1884 1763 1942 Clementis
1776 1885 1897 1949 Hiberna·

316 1989 402 2059 illius,
426 1990 474 2063 qui
501 1984 614 2042 docendi
635 1983 744 2040 initium
758 1981 875 2039 Parisiis
886 1979 992 2055 secit,''
1005 1981 1050 2051 (3)
1079 1990 1108 2036 et
1122 1988 1226 2047 tamen,
1251 1983 1375 2040 cundem
1396 1982 1585 2055 Clementem,
1600 1984 1629 2042 in
1642 1986 1740 2043 eadem
1755 1987 1894 2046 Haterio

318 2112 376 2151 uno
391 2093 455 2149 loco
470 2090 605 2166 Anglum,
620 2088 676 2145 alio
687 2087 806 2144 Scotum
818 2082 965 2144 declarat!

359 2202 465 2276 Neque
487 2207 529 2255 est
550 2196 767 2258 confundendus
789 2191 927 2251 Claudius
946 2192 1080 2250 Clemens
1100 2170 1167 2251 οἰιιιι
1189 2192 1337 2251 Clemente
1357 2194 1596 2262 Antisiodorense,
1619 2193 1665 2251 uel
1686 2211 1753 2252 cum
1766 2195 1893 2256 Claudio

319 2303 492 2360 Taurinense
506 2302 585 2358 istius
597 2302 660 2371 aevi,
671 2299 718 2357 sed
730 2299 753 2355 is
763 2309 815 2367 est,
829 2298 865 2354 ad
877 2316 961 2372 quem
977 2295 1128 2369 Ratgarius
1139 2294 1318 2365 Modestum,
1327 2305 1357 2353 et
1370 2296 1541 2365 Candidum,
1552 2298 1754 2357 Grammaticae
1761 2300 1893 2359 studendi

318 2426 414 2476 causa,
425 2406 541 2475 dimisit,
556 2414 588 2462 ut
600 2410 697 2462 narrat
710 2401 844 2477 antiquus
856 2402 1003 2456 Abbatum
1017 2397 1200 2455 fuldensium
1211 2398 1375 2475 Catalogus,
1384 2401 1477 2458 editus
1485 2419 1504 2457 a
1516 2400 1719 2479 Christopbero
1729 2404 1897 2477 Browerlt)

318 2508 491 2568 collectam
513 2510 576 2583 ejus
590 2507 781 2565 Grammatica
805 2512 997 2560 memorantur
1013 2519 1032 2556 a
1052 2500 1203 2568 Goldasto,
1220 2501 1268 2573 (5)
1301 2500 1368 2558 Vita
1385 2499 1479 2560 Caroli
1490 2501 1597 2579 Magni
1616 2525 1635 2562 a
1656 2507 1821 2586 Wollgango
1840 2509 1902 2567 La*

318 2612 372 2670 zio.
385 2608 431 2682 (6)
442 2613 474 2668 ln
488 2619 599 2668 vetusto
611 2610 754 2668 Chronico
768 2605 947 2673 Arelatense,
969 2603 1087 2660 citatos
1100 2603 1253 2659 Vincentio
1271 2622 1348 2660 anno
1360 2609 1445 2672 1240,
1468 2615 1499 2662 et
1512 2616 1610 2681 postea
1622 2624 1641 2662 a
1661 2606 1792 2665 Jobanne
1807 2609 1897 2668 Rosso

319 2713 518 2780 lllarwicense,
541 2711 646 2768 dicitur
667 2715 687 2744 “
702 2729 775 2767 unus
789 2709 902 2765 duorum
922 2706 1141 2775 Hibernensr'mn,
1169 2705 1282 2763 nomine
1301 2705 1434 2777 Clemens,
1448 2727 1531 2784 quem
1544 2709 1606 2767 Rex
1621 2711 1741 2768 Carolus
1754 2713 1784 2769 in
1797 2712 1896 2772 Gallia

319 2814 574 2898 =Paririreresidere
584 2812 680 2871 fecit.”
721 2812 838 2869 Socium
850 2811 911 2881 ejus
924 2810 1063 2879 Albinum,
1076 2809 1183 2866 Ticinis
1194 2809 1380 2881 collocatum,
1392 2813 1430 2869 ab
1443 2813 1570 2871 Alcuino
1582 2814 1675 2890 Anglo
1692 2815 1770 2873 clare
1784 2825 1897 2892 separat

320 2919 477 2988 Notlerus,
501 2918 695 2994 nequealium
721 2914 1009 2973 existimatUsserius
1035 2914 1195 2972 iohannem
1224 2915 1305 2971 illum
1328 2915 1478 2987 Albinum,
1495 2917 1543 2974 cui
1567 2918 1721 2976 Rhetorica
1750 2920 1900 2995 Praecepta

317 3023 457 3100 inscripta
480 3021 578 3096 tuere,
593 3040 656 3100 quae
677 3021 783 3079 Albino
798 3020 912 3087 flacco,
930 3019 988 3076 sive
1008 3019 1142 3088 Alcuino‚
1165 3019 1248 3094 vulgo
1262 3019 1435 3078 tribuuntur.
1477 3021 1564 3088 Quod
1578 3023 1601 3078 si
1614 3031 1747 3080 extarent
1762 3024 1898 3099 Epistolae

320 3125 427 3185 Sedrlr'i
440 3127 634 3197 Hibernensis,
649 3145 720 3203 quas
733 3125 810 3182 intra
818 3132 974 3200 postremos
986 3129 1046 3180 240
1060 3142 1149 3180 annos
1162 3123 1300 3191 extitisse,
1322 3124 1496 3181 Trithemius
1517 3124 1662 3194 indicavit,
1682 3124 1765 3201 plura
1782 3126 1818 3182 de
1841 3126 1898 3184 hoc

321 3232 499 3305 Argumento
512 3229 602 3286 afferri
615 3236 738 3302 possent,
749 3243 823 3300 quae,
837 3236 999 3300 temporum
1010 3225 1124 3293 invidia,
1136 3227 1255 3302 periere.
1297 3227 1342 3284 Ex
1356 3226 1399 3287 his
1410 3236 1505 3285 tamen
1521 3229 1635 3287 abunde
1647 3228 1749 3305 liquet,
1763 3247 1819 3287 non
1834 3248 1900 3288 cum

322 3332 386 3390 aliis
407 3350 492 3406 quam
503 3331 652 3388 Hibernia
664 3330 798 3404 Regibus,
822 3327 911 3385 loedus
924 3327 997 3385 illud
1010 3327 1113 3385 initum
1123 3327 1218 3398 fuisse,
1232 3328 1307 3404 quod
1322 3347 1389 3387 cum
1400 3328 1522 3405 Regibus
1533 3330 1678 3389 Scatonem
1684 3332 1805 3390 Carolus
1816 3333 1901 3410 Mag·

323 3451 376 3491 nus
389 3433 526 3508 pepigisse
550 3443 689 3508 narratur,
716 3432 752 3489 de
766 3432 868 3506 quibus
895 3430 1081 3507 Eginiordur,
1101 3433 1179 3489 testis
1191 3432 1332 3502 oculatus,
1345 3434 1374 3490 in
1397 3434 1466 3490 Vita
1479 3432 1575 3492 Caroli
1588 3434 1738 3510 inquit-“
1753 3435 1900 3494 Scotorum

320 3537 345 3603 .“
367 3533 456 3609 Reges
469 3532 509 3589 sic
522 3532 622 3589 habuit
631 3534 668 3590 ad
679 3552 759 3591 suam
771 3533 955 3602 voluntatem,
970 3553 1020 3610 per
1033 3553 1113 3592 suam
1124 3534 1359 3594 munificientiam
1372 3535 1531 3606 inclinatos,
1540 3545 1574 3594 ut
1585 3554 1651 3593 eum
1660 3553 1804 3612 nunquam
1815 3536 1901 3596 aliter

325 3642 346 3672 ‘⁸
367 3657 454 3714 quarn
469 3637 636 3704 Dominum,
658 3656 742 3713 seque
761 3637 898 3708 subditos,
922 3649 950 3694 et
964 3657 1057 3695 servos
1078 3639 1140 3714 ejus
1165 3639 1392 3714 pronuntiarent.
1434 3637 1542 3695 Extant
1553 3636 1684 3713 Epistola
1697 3640 1730 3696 ab
1743 3640 1778 3696 iis
1791 3639 1830 3696 ed
1840 3659 1901 3698 eum

319 3743 345 3819 f‘
364 3742 460 3811 mirem
476 3742 578 3817 quibus
591 3740 754 3816 hujusmodi
766 3743 885 3800 affectus
898 3760 998 3801 eorum
1012 3762 1078 3820 erga
1091 3744 1173 3801 illum
1187 3742 1487 3812 indicatur.”—-Quos
1500 3752 1599 3802 autem
1611 3742 1709 3802 Sestos
1723 3744 1901 3821 Eginhardus

324 3848 427 3919 innuit,
450 3849 509 3924 ipse
522 3847 589 3904 satis
600 3847 726 3924 explicat
739 3848 775 3906 ad
790 3866 897 3906 annum
912 3853 981 3906 812.
1023 3854 1042 3881 “
1058 3848 1162 3906 Classis
1178 3849 1431 3906 Nordmannorum
1445 3847 1609 3917 Hiberniam
1623 3846 1768 3906 Scotorum
1778 3849 1903 3908 Insulam

323 3957 343 3987 “
365 3972 503 4033 aggressa,
516 3951 723 4027 commissoque
744 3971 809 4010 cum
824 3951 916 4009 Scotis
928 3953 1037 4027 praelio,
1047 3963 1128 4030 parte
1142 3971 1200 4011 non
1212 3953 1326 4011 modica
1340 3951 1592 4011 Nordmannorum
1606 3952 1764 4023 interfecta,
1783 3953 1904 4030 turpiter

324 4057 498 4132 “fugiendo
524 4058 640 4115 domum
662 4075 770 4114 reversa
795 4055 865 4115 est.”
905 4058 1013 4118 Eadem
1037 4061 1124 4119 habet
1152 4060 1352 4136 Egolismensis
1374 4059 1502 4134 ejusdem
1527 4060 1580 4117 aevi
1603 4059 1777 4131 Monachus,
1795 4059 1903 4136 pariter

340 4345 384 4414 (1)
400 4347 666 4397 nummismais
679 4356 702 4406 2,
719 4355 737 4400 l
747 4358 788 4408 27,
798 4369 823 4401 ιι.
836 4357 876 4411 15,
886 4371 911 4416 p
919 4360 975 4405 361.
1075 4357 1103 4417 (a
1105 4356 1118 4421 )
1089 4359 1232 4406 Alesiai
1243 4357 1326 4420 Opere
1338 4356 1405 4404 aDa
1418 4357 1504 4405 Cleme
1517 4353 1585 4403 Paris
1597 4357 1668 4403 1617

340 4428 384 4495 (3)
402 4426 503 4491 Lupold.
515 4425 639 4489 bamberg.
652 4429 683 4475 de
703 4429 870 4480 Munificentis
888 4432 992 4497 Princip.
1004 4435 1117 4484 German.
1130 4452 1151 4485 c.
1161 4437 1198 4492 9,’
1192 4436 1344 4484 rnBiblioth
1356 4435 1407 4484 PP
1418 4436 1476 4484 edit.
1490 4429 1597 4483 colonie
1610 4437 1682 4488 1618,
1703 4447 1757 4479 cum
1776 4447 1825 4494 quo
1846 4447 1904 4481 con-

326 4509 446 4583 'sentiunt
456 4506 597 4556 Haldericru
609 4506 720 4554 Mucias
714 4523 739 4554 ιιι
749 4507 837 4557 Chron.
849 4511 962 4562 German
970 4515 1055 4563 lotan
1064 4516 1148 4564 Reum
1160 4516 1342 4565 Wamoieenrir
1337 4531 1361 4563 ιιι
1371 4517 1431 4564 libro
1443 4518 1474 4564 de
1486 4514 1602 4577 Regibus,
1625 4512 1723 4560 Vincent
1733 4511 1906 4561 Bellooecenria

340 4590 367 4638 in
384 4589 488 4654 Speculo
500 4587 611 4637 Historia
630 4586 719 4648 scripto
729 4597 786 4635 ante
805 4604 860 4635 ann.
874 4595 944 4645 1240,
962 4608 992 4640 ex
1008 4593 1097 4642 Clrron.
1108 4595 1251 4642 arelatense
1268 4595 1357 4659 scripto
1374 4603 1498 4644 anteann.
1507 4595 1579 4642 1160.
1622 4590 1687 4641 vide
1700 4590 1788 4641 Umerii
1805 4591 1906 4657 Sylloge

343 4670 442 4718 Proelat.
454 4685 478 4733 p.
492 4673 515 4725 6,
526 4676 552 4716 ct
564 4668 658 4732 Lyncei
669 4664 744 4729 Epist.
755 4667 787 4713 ad
799 4667 916 4723 Eulaeum,
927 4669 1036 4719 Dublinii
1049 4678 1121 4722 1775.

341 4734 385 4812 (4)
401 4753 515 4814 Arripuit.
528 4749 659 4802 Falderrut,
671 4745 812 4794 Leodiiiol.
824 4750 896 4803 1670,
907 4749 923 4797 1.
936 4756 958 4805 1,
970 4767 993 4800 c.
1004 4758 1044 4813 14,
1055 4771 1078 4818 p.
1088 4754 1441 4820 60—etllebeaiPoemstsp.
1453 4760 1508 4804 110.

340 4827 630 4891 (montemarano.
646 4818 736 4876 Veteres
757 4843 782 4891 p.
794 4831 835 4883 24,
846 4834 872 4876 et
883 4832 923 4885 96,
935 4839 961 4880 et
968 4830 1066 4899 Sylloge
1078 4833 1173 4882 Usserii
1184 4833 1288 4898 Praip.
1300 4836 1326 4882 6.

342 4905 386 4971 (6)
404 4907 471 4958 Lorii
481 4909 657 4959 Commentario
668 4907 769 4974 deRep.
777 4906 849 4958 Rom.
862 4908 921 4960 ibid.
