4446 6000
310 527 377 620 88
744 547 1008 614 nunnius
1048 538 1452 608 uunoutnuscs.

308 761 387 812 mac
401 737 585 811 illucendo
605 733 639 806 ·i·
656 735 700 806 da
719 733 754 805 ri
772 732 920 827 Laigin,
931 728 1003 826 [ie.
1018 727 1094 801 duo
1110 750 1213 824 reges
1234 688 1590 822 Lagenin‚]Fergus
1607 745 1686 797 mac
1703 720 1893 827 Meurig,

310 877 348 935 ct
367 858 605 936 Dubdocrich
622 881 699 929 tuac
715 855 929 950 Aiucellaig
948 879 1002 926 mc
1019 850 1151 938 Tricirr,
1172 850 1230 945 (l)
1260 863 1297 921 et
1324 845 1531 941 Fingalach
1563 844 1601 916 Iri
1635 845 1893 944 Mrteleoitcat,

311 984 445 1059 Conall
457 981 496 1055 hi
514 980 717 1067 Aiteclrdoi‚
741 977 877 1053 Cetlcr
895 1001 950 1048 mc
967 978 1141 1072 [quatuor
1165 971 1248 1066 filii]
1270 970 1415 1060 Flainn,
1440 972 1515 1045 nvi
1529 971 1898 1079 Congaile-eiadlexelt

312 1101 505 1202 [Cougulli
539 1102 708 1203 litigiosi]
737 1102 796 1175 avi
822 1099 1066 1187 Macluidirir‚
1089 1108 1127 1170 et
1145 1093 1256 1168 ceteri
1287 1095 1397 1166 ntulti
1421 1119 1515 1190 quos
1544 1096 1756 1193 compendii
1785 1085 1898 1177 causa

312 1229 511 1302 omisimus.
564 1223 762 1324 iugulatio
781 1222 949 1318 Fergusrr
963 1245 1018 1293 mc
1034 1219 1263 1294 Crumtlroiu.
1320 1217 1424 1290 Mors
1453 1217 1648 1294 Coscroich
1677 1244 1732 1294 ure
1766 1222 1896 1298 Mein·

313 1355 445 1450 denuig
461 1350 575 1449 Regis
590 1349 749 1445 Galeng.
780 1347 920 1420 Bellum
943 1346 1051 1418 [naec
1067 1341 1105 1414 in
1126 1367 1201 1437 quo
1219 1339 1358 1414 cecidit
1374 1340 1598 1415 Ferrrleann.
1643 1341 1748 1418 Mors
1768 1344 1895 1420 Sotca·

313 1472 517 1572 thaiglr'avi
534 1472 754 1547 ,llaeletoile
788 1468 877 1565 Sug
896 1468 1047 1542 Cutlrril
1063 1489 1118 1539 mc
1135 1465 1350 1560 Fiunguine
1377 1486 1416 1535 co
1434 1463 1600 1560 Laigniu
1617 1490 1746 1542 corucc
1774 1470 1896 1566 ginllu

312 1599 507 1687 oFoelairn
540 1621 624 1670 ocus
647 1617 776 1668 curucc
795 1593 1032 1689 incineratum
1055 1586 1270 1684 [Exercitus
1289 1583 1465 1659 Catlralrli
1482 1586 1548 1658 filii
1568 1586 1762 1687 Finguinii
1781 1616 1902 1690 usque

313 1724 359 1796 ad
379 1722 591 1820 Lagoniam,
610 1720 731 1792 donec
751 1717 838 1789 inde
856 1713 1012 1788 abstulit
1028 1711 1174 1786 obsides
1192 1709 1413 1801 O'Faclanii‚
1443 1724 1481 1784 et
1499 1709 1621 1785 donec
1639 1711 1793 1788 abstulit
1806 1740 1900 1816 prae·

315 1847 401 1919 (lam
419 1843 624 1943 magnam]

316 1973 385 2048 sstt.
411 1966 488 2045 wtt
503 1987 568 2052 m
584 1966 664 2043 otii.
725 1964 842 2060 Fergi
882 1961 999 2038 Glurt
1029 1985 1094 2034 rex
1127 1959 1223 2035 Cobo
1256 1959 1372 2058 sputis
1418 1957 1610 2034 venenatis
1638 1956 1897 2038 Maleficorutn

316 2092 512 2169 homiuum
531 2089 635 2164 obiit.
690 2088 821 2164 Cunna
840 2110 952 2183 nepos
969 2085 1123 2159 Bessoin
1141 2083 1260 2158 scriba
1276 2084 1399 2158 Treoit
1424 2083 1567 2178 [Scriba
1581 2081 1790 2157 Treoteusis
1810 2084 1898 2160 Mo·

317 2215 484 2310 nasterii]
508 2215 569 2311 (2)
590 2226 728 2312 pausat.
783 2209 1012 2284 Dorruitatio
1029 2209 1241 2284 Somtoinne
1255 2208 1399 2285 Cluana
1418 2210 1597 2308 Bronoig‚
1618 2222 1656 2285 et
1670 2208 1899 2288 Donnitatio

318 2339 463 2438 nepotis
482 2339 610 2414 Maelo
633 2336 807 2411 dathnein
833 2332 1018 2432 Episcopi.
1072 2332 1296 2406 combustio
1338 2334 1899 2431 truinttre[famitiae]1>omt·
1981 2423 1983 2427 ,

316 2465 409 2538 natu
424 2463 472 2536 im
491 2460 696 2535 Bodbrcritlt
714 2458 841 2555 [simul
858 2481 944 2530 cum
958 2454 1178 2548 llorlbratlu]
1195 2455 1258 2528 ubi
1274 2458 1413 2530 cecidit
1430 2461 1558 2533 Ailliii
1569 2460 1764 2559 Bregleitli
1779 2462 1817 2537 in
1834 2462 1902 2538 do·

318 2610 380 2659 mo
403 2607 520 2659 cenea.
558 2584 613 2680 [in
643 2583 756 2658 domo
786 2580 942 2674 eadem]
993 2580 1098 2653 Mors
1127 2581 1276 2654 Aillello
1300 2605 1355 2654 mc
1389 2582 1426 2655 Τ
1424 2582 1566 2657 uatlroil
1597 2584 1694 2682 regis
1721 2597 1901 2684 nepotum

322 2710 523 2786 Cremtuiu.
567 2709 687 2785 Flunn
705 2733 760 2783 mc
774 2705 945 2784 Ceallocb
966 2704 1064 2777 filius
1083 2704 1302 2780 Crunmirail
1326 2705 1539 2806 Episcopus
1558 2706 1766 2783 Reclroiue
1791 2708 1905 2784 mori·

318 2848 390 2908 tur.
414 2832 477 2931 (3)
523 2834 559 2908 Τ
553 2836 738 2932 ulorggun
756 2856 834 2906 moe
850 2830 1034 2905 Drostain
1054 2829 1137 2902 Rex
1156 2827 1316 2928 Atsoitle
1336 2832 1398 2928 (t)
1430 2832 1610 2909 dimersus
1645 2847 1702 2910 est
1737 2836 1778 2910 in
1805 2836 1903 2913 Lea·

318 2960 415 3057 engi.
448 2958 502 3056 [iu
521 2959 629 3052 nave]
643 2959 748 3033 Mors
766 2958 869 3032 Aede
886 2955 952 3029 filii
969 2953 1152 3031 Garboin.

320 3088 388 3163 sstt.
416 3083 494 3161 ἔθεε
518 3102 582 3168 m
598 3090 646 3168 it.
690 3083 738 3156 In
764 3079 943 3157 clericatu
959 3079 1166 3153 Dominult
1191 3076 1293 3153 exiit.
1316 3078 1378 3175 (5)
1441 3079 1466 3155 J
1470 3082 1639 3179 ugulatio
1657 3082 1802 3181 nepotis
1818 3084 1902 3158 Ait-

319 3210 387 3282 ello
416 3209 559 3303 tigerne
577 3206 737 3281 Ceniuill
753 3202 946 3277 Fiacluclr.
966 3199 1164 3298 [Principis
1180 3204 1431 3299 generationis
1448 3203 1648 3301 Fiachaclr]
1668 3207 1904 3286 'terremotus

321 3330 361 3404 in
392 3332 460 3419 Ili,
509 3328 675 3402 secundo
710 3326 768 3399 Irl.
800 3324 947 3423 Aprilis.
998 3323 1096 3398 Flan
1127 3347 1242 3423 nepos
1278 3326 1451 3425 Congoile
1484 3328 1651 3403 moritur.
1717 3330 1905 3407 Cubretan

323 3476 401 3527 mac
416 3453 584 3549 Conguso
614 3449 780 3539 moritur,
808 3463 846 3524 et
872 3449 978 3521 Mors
1003 3448 1174 3523 Ceollaclr
1192 3448 1257 3522 filii
1273 3449 1449 3526 &chuadi
1473 3452 1630 3528 Abbatis
1649 3454 1800 3556 Cluana
1826 3480 1904 3531 mac

323 3575 410 3651 noia.
429 3574 717 3649 Dubdobaircnn
728 3570 855 3646 nubas
870 3570 1015 3663 Fobair,
1034 3569 1263 3667 Dormitatio
1279 3575 1462 3650 lluncene
1477 3578 1603 3652 Tomoe
1610 3577 1756 3654 Greine.
1774 3579 1902 3676 [Man-

325 3697 447 3773 clrenii
471 3697 628 3773 Abbatis
648 3695 866 3772 Monosterii
884 3694 1002 3770 Collis
1024 3694 1147 3788 Solis]
1197 3695 1426 3771 Dornrrtatio
1443 3700 1638 3775 Scrnbrain
1655 3701 1797 3777 Loinne
1816 3703 1901 3779 Eia.

322 3823 495 3924 [Abbatis
513 3820 732 3898 Monosterii
746 3819 853 3894 Lanu
869 3819 966 3912 Ela]
983 3818 1105 3894 Flann
1120 3817 1253 3894 Fellae
1270 3820 1394 3896 nubas
1411 3819 1524 3897 Goirt
1538 3825 1721 3900 conmaiclr
1737 3827 1904 3917 moritur,

324 3960 363 4022 et
380 3972 478 4022 mors
497 3947 614 4023 Cellai
630 3971 684 4020 mc
700 3944 855 4046 Suelteri
871 3943 1030 4019 Abbatis
1049 3943 1106 4022 Cl.
1123 3967 1168 4020 m.
1184 3945 1272 4019 nois.

329 4265 377 4340 (t)
401 4265 468 4324 Post
487 4269 508 4299 “
524 4285 584 4324 attic
598 4266 701 4325 Treirr''
714 4269 787 4326 C‹›‹l.
797 4267 931 4327 Clarcutl.
947 4273 987 4336 49
1001 4266 1088 4325 habet
1100 4271 1119 4301 ‘⁴
1133 4266 1187 4324 duo
1197 4276 1339 4345 magnates
1352 4267 1473 4345 regionis
1483 4267 1649 4351 fottarraf'

326 4366 370 4435 (2)
391 4362 436 4420 De
449 4361 503 4418 hoc
522 4362 697 4419 llonustcrio
711 4368 730 4395 ⁸‘
748 4363 841 4420 Treuit
864 4363 891 4419 in
913 4382 1008 4438 campo
1030 4361 1124 4442 Bregl'
1154 4364 1240 4423 Nile
1261 4363 1407 4421 Adamana
1418 4363 1438 4420 l.
1452 4371 1479 4432 l,
1494 4383 1520 4421 c.
1533 4373 1583 4423 40.
1624 4363 1670 4420 De
1693 4359 1757 4436 ejus
1783 4358 1909 4416 Abbati-

326 4460 380 4521 bus
394 4458 517 4536 plurima
540 4456 672 4533 leguntur
689 4456 718 4514 iu
748 4457 788 4513 tv
807 4457 1017 4533 Magistrum
1031 4461 1191 4519 Annalibus
1209 4461 1245 4518 tul
1266 4478 1356 4518 annos
1381 4463 1452 4531 754,
1472 4456 1543 4531 769,
1562 4464 1633 4530 788,
1648 4460 1718 4525 808,
1743 4459 1813 4526 838,
1836 4459 1908 4526 848,

326 4567 355 4615 et
365 4556 468 4634 passim
483 4554 512 4612 in
535 4552 748 4621 Ultunienaibun
761 4552 830 4609 etin
845 4553 1028 4628 'l'igernacha

329 4653 379 4726 (³)
402 4653 477 4711 Vide
490 4670 553 4727 quae
564 4650 601 4708 ‹le
615 4648 707 4706 insula
719 4646 859 4706 lteclrain
871 4647 951 4705 dicta
964 4660 1030 4706 sunt
1044 4649 1154 4710 innota
1167 4653 1281 4710 adeun
1294 4646 1366 4721 634,
1379 4671 1466 4730 supra
1474 4671 1539 4730 pag.
1551 4645 1603 4709 46.

327 4748 374 4820 (4)
396 4752 416 4783 “
439 4745 619 4827 Alio-juilte”
631 4746 705 4806 Cocl.
718 4745 852 4803 Clarcnd.
865 4750 914 4812 49.
926 4743 1025 4801 melius
1037 4745 1219 4805 Art-Futile
1242 4746 1315 4806 Cod.
1326 4748 1409 4806 Ilorll.
1423 4750 1460 4805 ad
1474 4749 1586 4807 literam
1599 4748 1619 4780 “
1633 4743 1739 4803 Vadam
1752 4740 1872 4820 syloe?

332 4841 379 4914 (5)
415 4843 497 4900 Alius
520 4854 583 4901 erat
606 4840 765 4901 Dominald
792 4857 853 4898 mac
882 4838 1026 4898 Murclurl
1047 4860 1100 4899 rex
1133 4842 1288 4912 Hibernia,
1314 4844 1362 4920 qui
1393 4845 1430 4902 ad
1458 4863 1576 4921 reguum
1598 4842 1728 4921 pervenit
1749 4858 1825 4899 anuo
1847 4855 1912 4897 tura

332 4956 409 4999 eum.
422 4941 493 5008 744,
510 4949 540 4996 et
553 4948 650 5017 postca
664 4939 694 4998 in
716 4937 865 4997 lliiensern
888 4935 1010 4998 insulem
1024 4936 1168 5010 secedens,
1193 4939 1223 4999 iu
1236 4939 1464 5021 peregrimuioue
1481 4941 1554 5002 obiit
1580 4940 1625 4999 die
1648 4937 1691 4999 xii
1706 4936 1777 4998 Kal.
1791 4934 1909 4995 Decen-

328 5025 388 5095 ltie
398 5028 470 5107 tta,
485 5043 518 5094 ut
529 5035 604 5095 iufra
613 5036 650 5096 ad
660 5055 768 5098 anuum
777 5035 874 5096 istum.
