4446 6000
730 536 970 604 adunans
1013 530 1383 600 unronrartsas.
1621 482 1624 487 ⁶
1771 496 1836 608 45

266 732 305 796 et
316 715 472 820 Airffrit.
484 715 539 815 (1)
570 712 1005 790 CombustioBenuclrolr
1020 738 1114 787 moer·
1131 712 1324 810 [Bangorii
1343 712 1487 811 magni]
1505 711 1543 786 iu
1558 711 1836 809 Britanniam)

270 857 307 916 et
318 840 510 940 jugulatio
527 839 672 914 Ronuin
690 839 929 912 meBaetuin.
973 835 1116 909 Bellum
1136 836 1236 909 Atto
1257 837 1379 908 Aablo
1410 836 1510 930 [vadi
1528 837 1669 930 Aublo]
1706 837 1839 934 inquo

266 965 406 1037 cecidit
424 965 572 1039 Diciull
596 987 673 1036 mae
699 963 875 1058 Fergaaa.
929 960 1035 1032 Tulle
1057 961 1094 1030 la
1125 958 1290 1031 mumain.
1345 955 1470 1031 Insula
1496 959 1656 1054 medgoet
1682 957 1841 1033 fundata

268 1099 332 1158 est.
385 1086 671 1181 [Inundationes
689 1085 727 1158 in
747 1064 952 1157 Momonia.
1006 1079 1277 1153 Monasterium
1312 1080 1449 1153 Insulae
1480 1082 1724 1178 procellarum
1751 1081 1838 1155 fuu-

268 1206 415 1301 datum]
472 1208 577 1281 Mors
597 1209 764 1304 Margaia
782 1205 878 1279 filiae
893 1204 996 1276 Arda
1014 1203 1167 1275 Benain.

265 1327 411 1408 flurwt
424 1348 488 1414 m
501 1331 545 1407 il.
571 1329 652 1402 Kal.
664 1329 749 1401 Jan.
763 1327 811 1400 v'i.
824 1326 889 1399 fer.
903 1327 980 1398 lun.
996 1351 1058 1398 xv.
1089 1325 1229 1398 Bellum
1246 1326 1373 1399 Indrir
1391 1325 1505 1424 Regis
1523 1326 1727 1406 Britonum.
1758 1327 1839 1401 Bel·

264 1456 345 1527 lum
363 1455 399 1526 A
405 1454 465 1527 tdo
479 1452 587 1527 Goon
604 1453 641 1523 in
658 1452 780 1523 iortar
796 1448 872 1546 Lffi
881 1447 1068 1544 [Praelium
1087 1447 1172 1520 vadi
1188 1448 1298 1520 Goan
1315 1447 1362 1520 ad
1390 1447 1661 1521 occidentalem
1692 1451 1838 1546 plagam

266 1576 429 1649 fluminis
465 1573 577 1666 Liffii]
617 1573 657 1645 in
691 1596 766 1668 quo
801 1570 939 1644 cecidit
971 1569 1144 1644 Cremtun
1171 1593 1250 1643 mac
1273 1570 1373 1643 Aedo
1403 1570 1445 1641 fls
1472 1569 1613 1658 Conuic,
1651 1569 1734 1642 Rex
1768 1570 1836 1645 La·

265 1721 499 1902 {ltingllrllt
514 1817 569 1893 iii,
597 1814 681 1888 Kal.
693 1811 782 1889 Jan.
793 1813 855 1886 vii.
872 1810 937 1887 fer.
947 1814 1025 1885 lun.
1041 1813 1146 1886 xxvi.
1174 1811 1199 1886 J
1205 1813 1372 1910 ugulatio
1391 1811 1549 1884 duorum
1566 1813 1724 1886 liliorum
1741 1813 1840 1888 Aedo

264 1936 388 2011 Slaine
404 1940 441 2010 la
459 1938 588 2011 Conall
616 1961 694 2008 mae
720 1933 854 2009 Suibne
883 1935 1020 2008 ecclocd
1037 1937 1166 2008 treitm'
1180 1959 1226 2008 nr
1240 1935 1412 2010 Fremuin
1430 1936 1472 2007 ‘i‘
1489 1935 1634 2032 Congal
1659 1936 1693 2007 ri
1711 1936 1838 2032 Breng

264 2052 348 2134 ὀυτω
364 2061 461 2133 ailill
475 2059 649 2134 Cruidire
666 2057 860 2132 Senutlrair
875 2055 933 2130 Sil
949 2059 1123 2155 Dlutoig.
1142 2058 1181 2153 [J
1186 2058 1357 2156 ugulatio
1381 2056 1539 2130 duorum
1566 2058 1726 2131 filiorum
1743 2059 1853 2132 Aedi·

267 2182 451 2256 Slanensis
468 2181 581 2278 Regis
597 2178 785 2252 Hiberniae
810 2200 873 2275 per
887 2177 1086 2254 Conallum
1113 2179 1231 2252 lilium
1253 2177 1382 2251 Subnii
1411 2179 1508 2277 apud
1541 2180 1686 2253 Petram
1708 2181 1838 2254 Tretni
1873 2180 1876 2184 ⁴

264 2307 363 2377 ultra
378 2304 524 2377 Fremin
549 2304 569 2375 i.
585 2326 615 2376 e.
651 2302 827 2399 Congalli
845 2301 958 2401 Regis
977 2303 1129 2400 Bregiae,
1150 2316 1189 2377 et
1206 2303 1323 2376 Aililli
1344 2302 1556 2377 Citharistae
1572 2302 1835 2402 progenitoris,

265 2451 330 2500 seu
353 2427 421 2500 Avi
439 2425 630 2524 grandaevi
645 2425 895 2523 generationis
910 2425 1112 2524 Dlutagii.]

262 2746 305 2815 (ll
327 2748 372 2802 De
384 2747 441 2804 hoe
454 2747 529 2804 bello
544 2731 681 2803 Catttoen'
691 2744 776 2820 vulgo
790 2741 939 2800 Cadraollin
955 2745 992 2800 V.
1006 2744 1112 2801 Chron.
1128 2744 1224 2802 Saxon
1234 2745 1270 2802 ad
1281 2765 1347 2803 nnn.
1360 2742 1431 2805 633.

267 2841 314 2914 (2)
338 2842 384 2897 De
399 2841 580 2896 Bancorerraia
592 2837 757 2902 Monasterii
768 2837 875 2911 origine
888 2836 967 2892 nulla
982 2849 1062 2895 extat
1071 2848 1184 2895 vetusta
1196 2842 1351 2897 auctoritas
1384 2841 1459 2906 Quae
1474 2843 1509 2899 de
1519 2842 1581 2916 ejus
1596 2841 1772 2912 fundatione,
1787 2863 1838 2920 pe:

262 2933 378 2991 Luciam
390 2932 542 2991 Britanniae
556 2932 675 3008 Regem,
687 2929 802 2987 tradunt
813 2929 930 2999 Pitaiua,
954 2929 991 2987 de
1018 2930 1245 3007 Britan.'Script.
1263 2934 1300 2990 N.
1316 2938 1365 3001 22,
1387 2933 1479 3004 Cuius,
1500 2937 1529 2992 in
1552 2937 1693 3012 Antiquit.
1704 2939 1839 2999 Cantabr.

261 3027 283 3088 l.
299 3037 325 3098 1,
339 3049 367 3105 p.
385 3035 452 3097 149,
465 3035 498 3084 et
508 3026 663 3103 Polydorus
677 3025 813 3102 Virgilius
827 3026 856 3082 in
867 3025 990 3106 margine
1002 3024 1097 3084 Gildae
1110 3043 1128 3082 a
1141 3044 1170 3082 se
1184 3025 1264 3094 editi,
1283 3028 1412 3084 fabulosa
1425 3041 1501 3098 sunt,
1515 3041 1544 3086 et
1562 3031 1641 3087 nullo
1655 3031 1839 3090 fundamento

262 3123 587 3182 nituntur-Praeterea
609 3107 782 3179 Baacorenae
809 3120 1012 3187 blonasterinm
1036 3121 1066 3178 in
1087 3140 1154 3196 agro
1180 3120 1316 3178 Flintensi
1342 3124 1522 3182 confundunt
1549 3122 1659 3183 Bnlaeua
1681 3140 1747 3183 cent
1773 3133 1798 3196 l,
1813 3147 1840 3188 c.

263 3213 590 3288 aa‚et1²ttstus1t.56‚
614 3235 679 3274 cum
696 3215 867 3273 Bancorerrae
886 3214 1062 3274 Monaatrrio
1085 3216 1115 3274 in
1131 3216 1255 3274 Ultoniu.
1297 3216 1344 3276 De
1370 3217 1508 3276 Boucorlo
1536 3218 1671 3277 lVallcnre
1689 3223 1746 3298 agir
1763 3223 1842 3281 Reda

261 3314 321 3382 12,
341 3320 407 3372 c.2.
451 3314 496 3369 De
518 3312 687 3369 Hibernenae
707 3311 772 3368 vide
793 3329 881 3387 supra
906 3330 972 3368 ann.
1000 3314 1069 3380 519,
1094 3331 1151 3387 quo
1177 3311 1238 3385 ejus
1258 3312 1389 3371 conditor
1415 3311 1530 3389 Congo!
1565 3326 1714 3384 natusest,
1730 3328 1838 3376 etann.

264 3413 333 3477 658,
348 3427 407 3484 quo
420 3408 627 3467 Monasteriurn
638 3408 711 3466 istud
728 3408 761 3473 in
776 3405 895 3463 Ultonia
912 3405 1048 3475 fundarit,
1065 3418 1094 3464 et
1107 3402 1176 3474 601,
1199 3425 1255 3482 quo
1269 3400 1464 3467 obiit—ltem
1479 3407 1580 3466 donum
1593 3410 1621 3465 in
1640 3410 1708 3467 Vita
1722 3410 1841 3470 Colum·

264 3504 330 3561 bani
344 3523 369 3563 c.
384 3511 414 3562 3.
432 3503 607 3560 ¹ddrrnruuain
621 3499 681 3561 Vit.
692 3502 755 3559 cor.
768 3501 826 3560 l.3.
836 3519 862 3559 c.
878 3499 1046 3559 ardentia
1064 3500 1093 3559 in
1107 3488 1168 3559 Vit.
1191 3501 1268 3560 Patr.
1283 3521 1310 3559 c.
1324 3509 1373 3570 98.
1395 3503 1470 3561 Vide
1484 3503 1570 3561 etiam
1582 3503 1736 3580 Antiquam
1751 3507 1839 3565 vitam

261 3598 292 3657 S.
306 3597 451 3676 comgalli,
462 3617 481 3655 e
492 3617 549 3675 qua
562 3598 705 3672 excerpta
718 3595 809 3654 edidit
824 3596 920 3664 Uarer,
941 3595 1068 3654 Primord
1083 3593 1111 3673 p
1130 3604 1198 3665 911.
1216 3609 1246 3655 et
1259 3598 1392 3655 Veterem
1406 3611 1552 3655 auctorem
1563 3599 1650 3656 libelli
1673 3603 1708 3657 de
1734 3601 1844 3659 officio·-

260 3712 326 3751 rurn
342 3694 589 3752 Eclesiaaticorurn
604 3693 695 3769 prima
709 3691 895 3771 institutione,
916 3690 988 3750 Co'd.
1005 3689 1071 3750 MS.
1090 3688 1247 3748 Cottonioa.
1270 3692 1348 3751 mille
1361 3693 1464 3750 abhinc
1477 3694 1557 3750 annis
1572 3706 1731 3764 exaratum,
1758 3689 1861 3770 cnjus'

264 3780 507 3845 auctoranfuerit
523 3784 679 3863 Gregorius
694 3785 867 3852 Turonensis,
896 3783 944 3861 qui
968 3787 1003 3843 de
1029 3787 1167 3844 Cursibus
1195 3786 1400 3845 aeclesiasticis
1416 3787 1519 3844 librum
1548 3789 1675 3845 condidit
1700 3789 1841 3865 Oponed.

262 3881 397 3939 Rainort.
412 3876 527 3949 1690.l.
544 3886 591 3951 to,
601 3899 627 3937 c.
638 3878 690 3938 ult.
710 3879 757 3936 alii
778 3879 905 3953 uiderint.
946 3879 1053 3938 Confer
1064 3882 1151 3939 etiam
1169 3893 1311 3940 vetustum
1326 3881 1493 3956 catalogum
1515 3881 1683 3939 Sanctorum
1697 3883 1842 3941 Hiberniae

263 3974 372 4032 editum
401 3977 438 4031 ab
466 3972 589 4044 Usaerio,
612 3972 742 4032 Primord
764 3995 794 4052 p.
807 3970 877 4042 91'4.
929 3974 996 4034 Non
1030 3976 1133 4033 minori
1167 3995 1263 4034 errore
1293 3975 1464 4033 Bnncorenae
1488 3976 1692 4032 Monasteriunr
1718 3976 1748 4033 in
1774 3996 1842 4053 agro

263 4070 400 4127 Flintensi
424 4088 489 4127 cunr
516 4068 582 4126 sede
598 4068 757 4144 Episcopali
782 4070 960 4144 Bangorense
974 4070 1004 4127 in
1025 4072 1151 4130 Arronia
1168 4071 1204 4128 ad
1231 4070 1379 4128 Menaium
1399 4070 1503 4125 fretum
1530 4068 1688 4138 contundit,
1709 4069 1843 4128 Maliaca-

262 4165 396 4221 durieaaia
409 4164 444 4221 de
458 4164 538 4222 Geor.
563 4162 667 4221 Po'ntil.
679 4163 697 4220 l.
711 4170 740 4231 4,
750 4173 778 4219 et
797 4163 817 4222 l.
836 4173 862 4232 1,
876 4164 911 4220 de
925 4164 1005 4222 Gest.
1015 4165 1085 4241 neg.
1095 4184 1120 4223 c.
1136 4173 1165 4224 3.
1205 4163 1289 4222 Sedes
1307 4165 1368 4222 brec
1385 4182 1457 4220 nova
1469 4173 1522 4230 est,
1543 4162 1648 4221 sicum
1670 4164 1845 4225 Moauaterio

263 4271 457 4335 comparetur,
483 4259 525 4316 uti
539 4258 647 4316 indicat
668 4256 808 4315 doleam
827 4257 960 4314 Roscia?
986 4260 1124 4336 “blailgo
1147 4260 1212 4316 Rex
1236 4261 1329 4317 erexit
1350 4277 1450 4315 novam
1470 4258 1613 4316 civitatem
1635 4260 1749 4337 Bangor
1760 4280 1845 4339 super

264 4359 284 4388 ‘¹
296 4354 409 4412 fluvium
420 4352 557 4411 Meanatlr
570 4354 598 4411 in
610 4352 720 4411 Wallia.
763 4353 833 4410 Erat
845 4351 920 4409 enirn
936 4352 1026 4410 altera
1034 4355 1146 4429 bangor
1154 4373 1241 4430 super
1262 4353 1323 4411 Dee
1346 4355 1462 4412 fluvium
1476 4355 1523 4412 ubi
1541 4355 1714 4413 Ethellridus
1739 4357 1843 4414 Mona·

264 4454 284 4484 ‘⁴
294 4449 364 4507 cbos
376 4449 587 4508 occidit.'’-V.
599 4448 702 4506 notad
714 4467 780 4506 ann.
795 4443 864 4506 612.
893 4447 1019 4505 Eandem
1033 4447 1242 4506 distinctionem
1265 4450 1421 4507 observavit
1435 4448 1520 4507 catus
1531 4451 1568 4509 de
1590 4452 1688 4527 Antiq.
1709 4451 1843 4508 Cantabr.

264 4545 285 4604 l.
303 4554 328 4606 1.
341 4564 371 4617 p.
386 4551 450 4625 149,
459 4555 488 4600 et
499 4542 659 4619 Raualplua
668 4542 862 4602 cestrensisin
873 4543 1047 4620 Polychron.
1058 4544 1078 4602 l.
1089 4552 1119 4611 4,
1130 4564 1156 4603 c.
1170 4544 1392 4603 :lh-Uannius
1402 4545 1494 4621 inquit
1505 4544 1673 4622 Bangorior'n
1685 4564 1796 4612 novam,
1805 4545 1842 4602 ad

267 4639 407 4696 Meanatb
431 4640 523 4710 sitam,
547 4657 565 4696 a
584 4640 709 4698 Cambro
725 4639 869 4698 Britannis
893 4639 1021 4698 Baaclor
1038 4638 1116 4697 Vaut
1138 4639 1159 4702 i.
1172 4660 1199 4698 e.
1220 4640 1389 4716 bangoriam
1417 4660 1547 4714 magnam
1570 4638 1842 4715 appellari-Cum.

266 4732 380 4800 minna,
401 4732 448 4807 qui
462 4744 529 4790 ante
542 4725 609 4791 arin.
620 4730 680 4791 660
694 4720 801 4803 floruit,
818 4734 848 4792 S.
860 4733 1030 4814 Congolluna
1045 4736 1177 4793 Abbutem
1190 4736 1417 4795 Banchorensem
1437 4735 1466 4790 in
1490 4733 1628 4790 Hibernia
1640 4750 1788 4809 memorat,
1805 4756 1836 4802 ut

268 4826 440 4904 Magistrum
455 4826 517 4900 ejus
531 4826 675 4888 finianum
689 4830 832 4890 Abbatrrn
846 4832 883 4892 de
893 4832 1037 4898 Cloonard
1050 4832 1079 4890 in
1099 4831 1200 4892 Midia.
1243 4828 1379 4890 vincor.
1394 4847 1421 4885 c.
1437 4833 1484 4895 12,
1493 4836 1523 4884 et
1536 4846 1562 4885 c.
1574 4835 1603 4884 4.
