4446 6000
359 470 463 592 1181
790 520 1054 588 sununs
1098 506 1500 589 unrournusrs.

355 701 529 777 secbnuill
554 722 630 773 mac
647 695 941 794 Moelruorroiglr
959 721 1000 772 eo
1014 693 1147 794 seroib
1165 722 1206 772 er
1221 700 1263 773 do
1280 701 1490 776 thuidltecht
1509 700 1548 775 lu'
1566 699 1638 776 tire
1654 702 1856 782 Mumhoirr
1873 731 1945 784 corr

316 863 319 868 ·
359 824 494 899 deisidh
513 852 538 898 x
555 821 694 896 noitlci
709 845 750 894 oc
762 821 853 894 neim
868 831 891 900 7
904 820 1102 896 oninnredlr
1119 845 1159 894 eo
1176 823 1272 894 meir
1281 819 1411 919 fodris
1430 825 1488 897 iar
1504 827 1591 898 mod
1605 825 1784 927 msinfor
1803 835 1938 930 arrigo

362 944 675 1041 occarrrluglrdaclt
703 968 767 1018 con
781 940 887 1042 serg
905 943 1087 1017 bartona
1113 943 1238 1016 [sithri
1260 947 1438 1034 nandeise,
1470 947 1667 1023 Moelcrorr
1683 974 1762 1026 mac
1778 952 1938 1028 Μανθά-

359 1075 483 1172 baigl.
512 1072 588 1146 Tus
595 1069 881 1145 Maelsecbnoill
896 1070 1007 1142 ierom
1021 1067 1143 1162 giollu
1158 1066 1370 1143 Mumlraim
1387 1072 1665 1169 odelutgobrain
1676 1077 1941 1153 coinsitarbnoi

360 1199 514 1285 iarnere,
542 1206 566 1276 7
580 1220 600 1269 o
618 1196 690 1268 dun
707 1192 878 1268 Cermnoi
890 1216 929 1265 co
945 1190 1103 1264 beroien
1120 1191 1289 1265 noirtlrir
1335 1193 1619 1287 [Maelsechnall
1634 1195 1733 1271 filius
1751 1198 1940 1274 Maelrua·

359 1318 485 1421 naigh,
506 1342 594 1392 cum
609 1313 959 1402 viribusllibemiae,
973 1313 1078 1386 venit
1095 1313 1131 1386 in
1150 1313 1317 1412 regiones
1336 1315 1549 1407 Momoniae,
1563 1330 1602 1392 et
1619 1318 1793 1394 remansit
1808 1321 1937 1398 decem

356 1455 487 1519 noctes
519 1440 618 1542 apud
640 1440 763 1530 Neim,
785 1450 823 1514 et
838 1437 1000 1512 vastavit
1028 1434 1218 1531 usquead
1237 1459 1345 1524 mare,
1374 1450 1572 1535 postquam
1603 1456 1808 1540 superasset
1838 1469 1941 1545 reges

356 1591 484 1646 eorum
499 1564 596 1665 apud
616 1559 920 1662 Carnlughdacb,
940 1571 979 1634 et
995 1557 1196 1635 occidisset
1211 1557 1351 1657 Regem
1368 1559 1514 1635 dimidii
1532 1563 1710 1662 Regionis
1727 1566 1934 1658 Desiorum,

359 1691 553 1767 Maelcron
572 1689 691 1762 filium
707 1684 944 1783 Muredhagi.
997 1683 1165 1758 Abstulit
1183 1681 1452 1758 Maelsecbnall
1480 1700 1609 1785 postea
1623 1688 1770 1765 obsides
1789 1691 1939 1767 Momo·

357 1814 440 1904 niae,
461 1810 635 1887 sBelach
653 1811 805 1884 Gavran
821 1807 999 1903 usquead
1015 1806 1179 1881 Insulam
1195 1802 1354 1896 Tarbna,
1371 1806 1418 1878 sd
1435 1809 1669 1884 occidentem
1685 1811 1883 1904 Hiberniae,
1901 1829 1942 1890 et

358 1937 406 2013 ab
422 1940 521 2012 Arce
538 1934 781 2008 Duncermna
797 1953 913 2026 usque
930 1928 978 2003 ad
994 1926 1200 2002 Aranniam
1215 1927 1468 2023 superiorem]
1485 1931 1664 2006 Pluvialis
1681 1946 1883 2009 autumnus
1900 1951 1939 2011 et

359 2060 590 2161 perniciosus
607 2054 787 2155 frugibus

360 2186 429 2266 fin·
455 2180 551 2262 mm
568 2180 676 2260 lsttt
733 2175 863 2252 Suoirl
862 2175 925 2250 ecb
950 2173 1077 2251 Abbas
1110 2175 1269 2266 Aclrobo,
1305 2177 1341 2249 A
1346 2177 1415 2251 alell
1441 2178 1510 2253 bon
1529 2178 1640 2270 boine,
1667 2179 1817 2278 [Alillus
1843 2180 1938 2256 albae

360 2303 679 2407 congregationis]
695 2301 821 2380 Abbas
833 2303 1022 2394 Birorum,
1041 2301 1259 2376 Moeleoblro
1269 2298 1328 2376 oa
1344 2301 1482 2378 Foelon
1493 2303 1620 2379 Abbas
1631 2303 1774 2379 Cluuno
1783 2305 1937 2397 Uomlra,

358 2429 522 2528 Foelgur
535 2428 659 2503 Abbas
678 2425 784 2518 Cres,
805 2424 844 2501 in
862 2450 953 2525 pace
966 2424 1207 2500 dormierunt.
1253 2423 1342 2523 Slog
1357 2428 1486 2499 morlo
1503 2427 1719 2526 hAmloiph,
1740 2438 1765 2509 7
1782 2427 1939 2518 Imboir,

359 2562 384 2634 7
402 2551 602 2640 Cerblraill,
622 2549 791 2625 iMidlre.
827 2548 1024 2646 Rigbdlrol
1032 2548 1170 2623 Mathe
1188 2548 1249 2622 Er
1263 2549 1406 2623 ocraitb
1421 2548 1545 2623 Aedlro
1559 2552 1737 2625 oroBrico
1750 2553 1797 2625 im
1813 2552 1939 2627 Mael-

359 2675 535 2752 seelmeill
544 2673 629 2773 riglr
637 2672 800 2765 Tembro,
812 2684 834 2753 7
850 2672 900 2744 im
916 2669 1112 2770 Fethglme
1125 2670 1303 2749 Comei-ba
1314 2670 1503 2762 Potreico,
1527 2683 1550 2752 7
1568 2672 1616 2745 im
1626 2670 1818 2748 Suuirlcclr
1832 2672 1936 2748 Com·

361 2801 455 2877 orba
467 2797 599 2874 Finnio
611 2799 644 2872 ic
655 2794 920 2873 denumlrsidlm
936 2804 960 2875 7
978 2795 1058 2870 coin
1075 2791 1417 2896 Comrsiccserrrer,
1436 2795 1575 2871 Conidlr
1592 2798 1810 2872 osindailsin
1828 2801 1940 2874 durat

364 2921 518 3002 Ceriali
530 2924 565 2998 ri
580 2920 759 3019 Osraiglri
780 2917 1307 3018 OgbreirSamtlaPatrolcc‚
1340 2930 1363 2999 7
1381 2943 1405 2992 a
1424 2920 1612 3009 Comorda,
1631 2933 1655 3001 7
1664 2922 1790 2996 conidlr
1807 2948 1881 2996 ann
1896 2925 1939 2997 do

357 3048 485 3126 clroidlr
514 3047 667 3147 Osroigi
694 3046 815 3121 indier·
826 3042 896 3144 fri
913 3041 1111 3134 l7Cuinn,
1137 3054 1160 3124 7
1181 3043 1383 3143 adrogoidls
1408 3043 1647 3142 Meelguoloi
1669 3048 1706 3118 ri
1731 3046 1942 3120 Mumluma

362 3173 458 3270 dilri.
485 3169 698 3269 [Exercitus
716 3170 850 3266 ingens
864 3166 1002 3240 ductus
1019 3164 1066 3237 ab
1081 3165 1240 3252 Amlafo,
1259 3176 1297 3238 et
1315 3167 1447 3255 imaro,
1469 3180 1507 3241 et
1526 3167 1697 3242 Cerbalio
1712 3168 1751 3242 in
1767 3168 1942 3243 Midiam.

362 3292 485 3394 Regia
500 3288 714 3366 Consentio
728 3289 952 3387 Magnetum
971 3285 1160 3361 Hiberniae
1189 3286 1286 3385 apud
1305 3287 1413 3361 Roth
1432 3288 1560 3379 Aedkt,
1581 3290 1623 3386 (i.
1644 3315 1674 3365 e.
1693 3291 1791 3390 apud
1810 3292 1940 3365 Muni-

362 3428 531 3490 mentum
545 3410 684 3506 Aedhi)
702 3411 767 3487 filii
785 3410 918 3501 Bricci,
935 3411 1022 3487 curn
1037 3407 1331 3493 Maelsecbnallo
1346 3410 1449 3511 Rege
1463 3412 1652 3504 Temoriae,
1670 3429 1710 3488 et
1726 3438 1812 3487 cum
1828 3413 1939 3488 Feth·

362 3755 506 3824 postremo
513 3742 689 3802 decerotum
702 3749 754 3811 est,
767 3739 867 3799 incidit
880 3741 909 3798 in
923 3758 1032 3801 sunum
1043 3745 1111 3799 850.
1132 3741 1197 3801 Jsm
1213 3758 1279 3798 vero
1293 3739 1438 3799 bodiemae
1451 3741 1554 3800 Scotiae
1579 3741 1690 3818 Regum
1705 3740 1867 3818 Epoclrsm,
1887 3742 1942 3800 Gi·

362 3841 458 3901 rsldus
469 3859 507 3897 ex
518 3839 572 3898 isto
585 3857 661 3911 sono
674 3837 802 3903 arcessit,
816 3850 848 3896 st
862 3856 965 3895 nomen
979 3834 1090 3904 Scotioe,
1100 3855 1152 3915 pro
1173 3835 1289 3894 nomine
1302 3836 1445 3908 Albeniae,
1458 3837 1611 3895 secessisse
1621 3837 1716 3914 inquit
1737 3843 1758 3871 “
1772 3857 1790 3895 a
1804 3836 1896 3896 Scotir
1908 3837 1944 3896 de

362 3937 501 3997 Hibernia
513 3934 693 4003 venientibus,
708 3940 736 3990 et
749 3933 779 3990 in
792 3951 825 3990 eo
840 3932 1015 4009 regnantibus
1025 3951 1077 4007 per
1089 3932 1208 4006 spatium
1221 3937 1279 3990 815
1292 3949 1438 4002 annorum,
1448 3950 1532 4007 esque
1542 3932 1580 3990 od
1594 3932 1721 4010 Regnum
1731 3932 1863 3991 Gulielmi
1875 3933 1943 4008 Rufi

354 4033 467 4111 fratris
480 4030 654 4101 Melsolmi,'’
666 4048 751 4108 quem
765 4046 841 4087 suno
856 4023 942 4096 1165,
956 4026 1035 4084 fratri
1048 4026 1183 4086 defuncto
1196 4029 1373 4097 successisse,
1383 4027 1501 4104 legimus
1519 4029 1549 4087 in
1563 4029 1707 4106 Ranulphi
1724 4028 1942 4106 Polychronico,

350 4128 386 4187 l.
406 4135 431 4196 1,
445 4146 472 4184 c.
486 4127 667 4196 37.-Hinc,
687 4126 786 4196 freter,
809 4136 837 4183 ct
850 4141 996 4183 successor
1010 4123 1147 4194 Kenethi,
1161 4124 1191 4182 in
1210 4123 1312 4184 nostris
1325 4123 1484 4183 Annalibus
1504 4125 1667 4202 appelletur
1680 4123 1870 4183 Domluoldus
1880 4122 1943 4179 Res

364 4219 517 4289 Pictorum,
532 4222 569 4278 sd
582 4240 649 4279 snn.
659 4219 717 4282 862
728 4242 786 4299 quo
799 4222 881 4292 obiit,
896 4239 953 4279 non
975 4219 1050 4297 quod
1063 4220 1221 4280 unimrsam
1231 4221 1380 4280 Pictorum
1389 4227 1502 4295 gentem
1516 4220 1660 4288 deleverit,
1679 4219 1726 4276 sed
1741 4216 1817 4295 quod
1831 4213 1941 4274 scortea

363 4315 486 4392 Imperio
500 4333 549 4372 eos
560 4317 728 4389 compulerit
738 4317 863 4386 obedire,
884 4326 918 4376 ot
927 4317 1016 4375 hebet
1031 4317 1198 4395 Rsnulpbus
1208 4319 1267 4377 ibid
1278 4337 1305 4377 c.
1315 4324 1366 4387 4³,
1381 4328 1410 4373 et
1420 4321 1469 4385 58,
1480 4328 1510 4374 et
1522 4315 1630 4375 Chron.
1644 4314 1753 4372 Britan·
1765 4312 1942 4387 productum

363 4414 400 4473 sd
414 4430 481 4469 snu.
495 4412 569 4471 1347
582 4409 657 4483 apud
670 4409 764 4467 Usssr·
780 4411 919 4470 Primord·
934 4431 964 4487 p.
975 4413 1188 4485 rue-Porro,
1203 4415 1249 4472 De
1259 4412 1366 4490 Adulso
1379 4414 1455 4488 Rege
1470 4412 1627 4479 Saxonum,
1650 4409 1734 4484 cujus
1747 4404 1856 4464 obitum
1881 4423 1942 4461 me·

362 4519 476 4568 morunt
488 4506 518 4565 hi
530 4503 657 4562 Annales
671 4504 707 4561 sd
719 4522 827 4562 sunum
841 4510 912 4574 857,
932 4526 990 4582 quo
1004 4507 1165 4568 Keuethum
1190 4509 1293 4568 obiisse
1306 4521 1432 4579 uerrunt,
1448 4507 1580 4566 convenit
1594 4502 1722 4562 Asterius
1736 4503 1765 4559 in
1780 4503 1938 4561 Annalibus

365 4605 403 4664 sd
426 4622 493 4663 eun.
518 4601 650 4671 eundem,
675 4609 705 4657 et
725 4597 975 4657 Molrnmburieurr'r
991 4601 1085 4679 iuquit
1120 4609 1139 4637 “
1154 4605 1241 4663 Anno
1256 4606 1294 4664 D.
1309 4604 1511 4664 incarnationis
1525 4605 1593 4670 837,
1619 4598 1843 4674 diffamabitur,
1858 4598 1941 4674 filim

362 4699 489 4774 Bgtcrti,
512 4717 631 4776 regnum
643 4697 770 4769 sortitur,
793 4697 918 4772 regnavit
936 4695 1037 4773 viginti
1058 4698 1147 4768 ansb,
1172 4707 1200 4758 et
1222 4699 1336 4777 quinque
1360 4699 1520 4762 mmsibur.''
1552 4694 1682 4758 Meua.
1698 4696 1747 4755 De
1760 4695 1855 4756 Gestis
1869 4695 1942 4772 Reg.

365 4793 385 4851 l.
395 4798 424 4864 2,
435 4811 461 4854 c.
473 4803 503 4852 1.
668 4817 671 4827 =
