4446 6000
749 555 1007 627 annates
1048 550 1453 618 unrourausus.
1833 518 1901 624 69

327 741 468 818 Insula.
490 740 646 813 duarum
664 738 870 836 virginum]
893 735 1122 810 aedificatur.
1173 733 1390 830 Fearguran
1423 755 1500 806 mae
1531 733 1706 808 Maeltun
1734 732 1898 806 moritur.

325 866 499 940 Obsessio
520 865 618 938 Rite.

323 993 393 1069 nrt.
419 989 567 1066 fflttili.
620 987 768 1083 Strages
801 984 975 1059 Dalriati
1004 982 1041 1053 in
1069 982 1164 1053 valle
1194 981 1356 1055 Limnae.
1425 979 1670 1053 Aelomnauus
1697 978 1818 1051 lxxvii
1839 998 1903 1051 an.

326 1113 435 1188 etatis
450 1136 515 1185 sue
531 1110 657 1184 Abbas
675 1110 747 1184 Jae
765 1120 904 1205 pausat.
943 1106 1004 1200 (l)
1059 1103 1210 1201 Alrlfrit
1227 1128 1305 1176 mac
1320 1104 1432 1178 Oissu
1460 1106 1602 1203 sapiens
1622 1129 1685 1177 rex
1713 1105 1903 1177 Saxonum

320 1235 478 1308 aroritur
496 1232 557 1329 (2)
602 1231 743 1303 Bellum
749 1227 824 1326 sor
841 1228 1016 1303 Cloenatlt
1033 1230 1180 1321 [contra
1200 1227 1400 1318 Cloenatlr]
1418 1228 1478 1300 ubi
1499 1229 1620 1300 victor
1644 1229 1718 1301 fuit
1735 1225 1905 1301 t'ealtact

322 1355 504 1433 Caulone.
526 1355 564 1426 iu
582 1377 657 1448 quo
672 1349 809 1423 cecidit
826 1350 1015 1422 Bodbeatlr
1034 1350 1142 1422 Mide
1160 1375 1237 1423 mae
1256 1350 1465 1423 Diarnrata.
1519 1350 1744 1446 ibaartaiglr
1776 1349 1903 1448 Nepos

323 1477 488 1572 Cernaig
502 1474 615 1571 fugit.
668 1473 944 1547 Feradaeltrnae
960 1471 1157 1545 Maeltlnin
1179 1473 1261 1544 ilex
1279 1472 1402 1569 gentis
1421 1472 1604 1567 Laogaire
1620 1471 1769 1545 cecidit.

319 1601 393 1685 fltt,
418 1597 495 1676 ffltt
512 1600 564 1674 ib·
617 1594 796 1693 Cerrnsael
826 1619 939 1692 nepos
962 1597 1062 1668 Aetio
1079 1596 1176 1668 brice
1203 1595 1312 1689 [Aetli
1330 1596 1521 1687 maculati]
1546 1596 1672 1668 Ablras
1692 1595 1904 1669 Benrtelrair

322 1723 511 1799 dormivit.
566 1721 710 1793 Bellum
727 1719 1077 1806 Corcotnacllrrnadlr,
1096 1717 1160 1790 ubi
1177 1718 1315 1792 cecidit
1334 1720 1512 1795 Celaclrar
1529 1746 1606 1797 ntae
1624 1722 1780 1796 Contain.
1798 1722 1902 1795 Ceal·

320 1847 401 1919 taen
421 1867 497 1915 ntae
519 1842 746 1938 Rogallaiglr
770 1841 853 1916 Rex
879 1840 1067 1914 Connaelrt
1094 1854 1178 1937 post
1204 1841 1419 1914 clericatum
1448 1842 1552 1914 obiit.
1606 1843 1627 1916 J
1637 1843 1806 1940 ugulatio
1834 1844 1907 1919 Ca··

323 1969 440 2042 narnia
458 1990 536 2040 mae
553 1965 687 2038 Canon.
743 1965 884 2060 Congal
900 1988 978 2039 mae
995 1964 1161 2060 Fergttra
1180 1988 1332 2061 regnare
1348 1963 1491 2061 incipit.
1517 1963 1577 2058 (3)

313 2291 360 2363 (l)
383 2287 549 2365 Ceoffridat,
571 2287 600 2343 iu
615 2284 743 2361 Epistola
756 2286 792 2342 ad
808 2285 914 2367 Regem
932 2284 1080 2342 Pictorum
1094 2283 1258 2351 Naitannm,
1274 2303 1360 2359 quam
1374 2284 1495 2341 servavit
1508 2285 1614 2342 Bedal.
1625 2291 1653 2354 5,
1674 2303 1700 2344 c.
1713 2293 1762 2354 00,
1772 2288 1904 2364 inquit-

316 2389 337 2421 ‘¹
351 2385 538 2441 Adamnanus
562 2399 689 2441 reversus
712 2380 749 2436 ad
761 2378 892 2447 Scottum,
917 2379 1020 2438 multas
1040 2379 1129 2454 gentis
1143 2379 1222 2436 istius
1237 2382 1335 2436 turbas
1349 2380 1385 2436 ad
1400 2380 1581 2437 catholicam
1602 2381 1735 2457 temporis
1760 2383 1903 2439 Paschalis

318 2484 339 2512 ‘¹
354 2478 560 2537 observantiam
575 2496 627 2536 sua
639 2476 833 2552 predicatione
847 2473 1003 2542 correxit,”
1023 2493 1086 2550 quaa
1100 2477 1188 2532 verba
1199 2497 1218 2531 a
1229 2475 1308 2532 Beda
1327 2475 1368 2532 sic
1382 2475 1573 2551 explicantur.
1587 2494 1613 2534 c.
1632 2482 1677 2533 15.
1718 2481 1738 2508 “
1754 2478 1904 2552 Navigant

316 2579 338 2607 “
352 2573 569 2645 Hiberniam,..et
582 2572 718 2650 plurimos
729 2590 829 2630 eorum
840 2571 997 2646 legitimum
1013 2571 1129 2629 Pascha
1140 2580 1253 2648 tempus
1267 2575 1418 2630 observare
1432 2571 1594 2648 perdocuit.
1637 2573 1706 2629 Erat
1715 2572 1790 2629 enirn
1803 2576 1903 2642 bonus,

316 2672 336 2704 ‘⁴
350 2679 379 2728 et
398 2672 517 2747 sapiens,
538 2683 568 2727 et
587 2668 747 2726 inscientia
762 2669 974 2743 Scripturarum
999 2667 1366 2725 nobilissimeinstructus.”
1415 2670 1519 2726 Postea
1539 2669 1631 2744 inquit
1651 2688 1687 2725 ex
1714 2668 1851 2726 Hibernia
1865 2668 1902 2726 ad

317 2766 452 2842 Hyonam
477 2783 633 2830 reversum,
653 2763 755 2819 obiisse
769 2780 844 2818 auno
864 2766 934 2830 702,
948 2763 1002 2819 i.a.
1024 2763 1099 2818 AErae
1121 2780 1226 2826 comm.
1237 2768 1308 2829 703,
1321 2764 1396 2821 ib.c.
1410 2770 1456 2832 15,
1470 2783 1505 2821 ac
1528 2765 1630 2822 deiude
1655 2764 1799 2841 subjungit
1813 2767 1904 2841 scrip-

312 2862 383 2918 sisse
397 2864 417 2892 “
431 2860 529 2914 libram
541 2856 686 2913 utillimam
701 2853 782 2927 cujus
802 2861 905 2910 auctor
924 2864 987 2911 erat
1015 2856 1043 2910 in
1059 2856 1191 2912 docendo
1204 2868 1233 2912 et
1253 2857 1389 2915 dictando
1403 2859 1555 2935 Arcanlfat
1573 2861 1735 2919 Galliarum
1760 2863 1827 2938 Epa,
1854 2861 1903 2938 qui

316 2961 336 2989 ‘⁴
351 2956 494 3013 locorum
516 2954 607 3029 gratia
621 2952 791 3008 Sanctorum
806 2958 922 3007 venerat
945 2948 1176 3025 Hierosolymam,
1191 2960 1222 3009 et
1233 2950 1351 3009 lustrata
1365 2954 1441 3010 omni
1458 2966 1533 3011 terra
1547 2957 1769 3030 repromissionis
1781 2957 1903 3014 Damas·

316 3057 335 3086 ¹⁶
350 3071 408 3109 cum
422 3069 544 3128 quoque,
569 3046 842 3121 Constantinopolim,
865 3044 1074 3112 Alexandriam,
1091 3045 1194 3101 multas
1222 3045 1309 3102 maris
1324 3046 1429 3104 insulas
1443 3050 1565 3118 adierat,
1588 3050 1771 3126 Paulumque
1793 3053 1903 3128 navigio

313 3152 335 3183 ⁴‘
350 3155 504 3216 revertens,
515 3152 683 3220 tempestate
696 3142 725 3200 in
739 3140 930 3199 occidentalia
942 3139 1094 3198 Britannia
1108 3139 1194 3197 litora
1209 3140 1320 3200 delatus
1340 3154 1393 3210 est,
1420 3161 1454 3200 ac
1469 3155 1532 3219 post
1545 3144 1635 3201 multa
1650 3145 1686 3201 ad
1700 3147 1901 3206 adamnanum

313 3248 335 3280 ⁴⁸
357 3243 530 3319 perveniens,
541 3240 588 3297 ubi
599 3240 700 3297 doctus
714 3257 774 3296 esse
785 3247 947 3312 compertus
961 3246 1013 3301 est,
1024 3234 1208 3293 libentissime
1221 3238 1258 3292 ab
1271 3236 1321 3293 illo
1334 3248 1490 3312 susceptus,
1502 3238 1638 3296 libentius
1649 3239 1774 3309 auditus,
1785 3243 1857 3299 adeo
1872 3255 1904 3303 ut

315 3344 335 3371 ‘⁴
350 3356 469 3413 quaeque
478 3335 525 3392 ille
536 3355 565 3392 se
576 3335 605 3391 in
616 3333 700 3391 Iocis
713 3333 825 3389 Sanctis
840 3342 999 3389 memoratu
1012 3330 1097 3406 digna
1107 3330 1207 3388 vidisse
1222 3333 1387 3400 testabatur,
1402 3344 1507 3390 cuncta
1522 3354 1588 3391 mox
1600 3336 1652 3392 iste
1665 3336 1753 3393 literis
1768 3341 1902 3397 mandare

314 3438 334 3466 “
350 3432 498 3490 curaverit.
541 3428 672 3488 Porrexit
691 3438 787 3486 autem
813 3427 918 3486 librum
944 3427 1021 3484 hunc
1041 3428 1194 3485 Adamnan
1217 3427 1350 3504 Aldfritlo
1375 3429 1474 3504 Regi.''
1515 3430 1584 3488 Bed.
1596 3431 1616 3489 l.
1629 3438 1658 3500 5,
1684 3453 1710 3491 c.
1727 3440 1772 3493 15.
1822 3434 1901 3492 llat-

312 3527 404 3586 thaeus
430 3528 585 3586 Westmon.
602 3522 763 3584 Adamnaui
788 3523 958 3600 legationem
984 3525 1121 3584 mendose
1153 3523 1240 3582 relert
1270 3526 1305 3581 ad
1328 3543 1396 3583 aun.
1410 3529 1481 3594 701,
1505 3546 1628 3603 eumque
1647 3531 1777 3605 sequitur
1801 3528 1903 3587 Butler

315 3625 409 3694 Lines,
421 3624 476 3682 &a
490 3625 528 3681 ad
541 3628 580 3681 28
602 3619 824 3698 Sept-Siniti,
839 3619 993 3677 innonat
1008 3619 1115 3679 Bedam
1137 3620 1207 3678 edit.
1221 3620 1357 3678 Cantabr.
1369 3641 1432 3697 pag.
1448 3628 1517 3688 900,
1532 3624 1625 3700 iuquit
1649 3630 1668 3660 “
1684 3626 1815 3682 incertam
1841 3644 1902 3683 esse

316 3739 368 3795 qno
392 3738 463 3775 anna
485 3717 664 3775 adamnanus
679 3714 802 3791 Legatas
815 3714 853 3771 ati
864 3713 1007 3782 Alfridam
1030 3715 1147 3783 verterit,
1162 3715 1207 3773 rel
1229 3735 1307 3772 snam
1320 3717 1419 3773 libram
1438 3719 1464 3774 ei
1487 3719 1675 3792 porrexerit?
1717 3721 1902 3779 incertitudi-

315 3834 381 3871 nem
393 3814 477 3870 istam
488 3813 589 3869 borum
604 3811 759 3869 Annalium
773 3830 826 3887 ope
837 3809 979 3894 eliminavi
992 3812 1029 3867 ad
1040 3829 1107 3870 anu.
1119 3807 1189 3870 686.
1209 3812 1371 3868 Adamnani
1392 3814 1562 3888 opusculum
1585 3820 1603 3846 “
1616 3813 1663 3870 De
1680 3814 1757 3871 Locis
1772 3816 1901 3872 Sancti?

316 3908 466 3965 ediderunt
485 3904 614 3974 Gretzer,
635 3916 664 3962 et
675 3904 812 3962 Mabillon
823 3905 852 3963 in
868 3905 948 3962 Actis
960 3906 1174 3964 Benedictiuor.
1191 3906 1262 3965 Saec.
1275 3913 1305 3975 3,
1321 3907 1396 3964 unde
1414 3907 1508 3964 lucem
1522 3928 1578 3966 non
1593 3910 1738 3967 minimam
1753 3911 1901 3988 accipiunt

312 4002 453 4060 *Antonini
470 4000 628 4058 Placentini
643 4000 780 4076 Martyris
802 4007 822 4033 “
837 4000 1019 4059 itinerarium
1034 4000 1129 4058 Terra
1143 4000 1271 4059 Sanctal'
1295 4003 1468 4079 praemiacum
1488 4022 1506 4059 a
1534 4005 1728 4080 Papebrochio
1752 4006 1832 4063 Actis
1847 4006 1900 4068 SS.

317 4095 434 4165 aMaii,
445 4106 473 4152 et
493 4100 512 4129 ‘⁴
527 4093 709 4151 itinerariam
736 4095 1034 4170 Hierosolymtanam”
1061 4098 1172 4155 editum
1196 4117 1215 4154 a
1229 4095 1409 4168 Wetaelingia
1432 4099 1554 4155 Amstel.
1578 4103 1664 4161 1735.
1705 4099 1749 4156 IV
1760 4100 1901 4178 Magistri

314 4192 479 4252 adamnani
501 4191 672 4265 legationem
684 4189 811 4249 referunt
830 4191 867 4247 ad
882 4186 954 4260 688,
967 4194 1044 4266 quod
1058 4211 1155 4251 verum
1170 4202 1212 4248 est
1226 4193 1260 4247 de
1277 4192 1370 4265 prima
1383 4191 1524 4266 legatione
1537 4195 1573 4249 ad
1590 4192 1763 4270 Ecglridum.
1787 4199 1824 4258 V.
1839 4209 1898 4259 not.

316 4289 354 4345 ad
365 4306 431 4345 anu.
444 4283 504 4343 684
515 4296 545 4342 et
557 4281 800 4345 otu-Secunda
812 4285 931 4360 Legatio
945 4287 982 4343 ad
993 4305 1059 4344 ann.
1070 4282 1140 4355 686,
1153 4304 1216 4343 aerae
1229 4305 1304 4344 eom.
1316 4282 1373 4348 687
1390 4287 1539 4345 reserenda
1550 4302 1603 4348 est.
1643 4290 1815 4353 Adamnauo
1834 4288 1902 4353 auce

317 4383 402 4440 cessit
416 4380 510 4438 Cornan
523 4400 582 4439 mae
596 4379 673 4436 Failll
686 4380 766 4437 annia
780 4381 817 4440 vi.
858 4381 895 4438 V.
906 4389 966 4439 not.
978 4381 1014 4440 ad
1026 4400 1115 4438 antros
1132 4386 1202 4450 709,
1218 4386 1289 4450 712,
1302 4378 1373 4450 716,
1388 4393 1418 4442 et
1432 4382 1500 4442 Bed.
1514 4384 1571 4454 l.5,
1586 4405 1612 4447 c.
1629 4394 1674 4458 15,
1693 4384 1739 4448 16.

317 4479 366 4550 (t)
390 4475 489 4534 Clran.
505 4474 605 4533 Sanan.
627 4476 664 4531 ad
686 4479 880 4544 sun.705-“
894 4474 959 4533 Her
972 4474 1110 4552 Ealrlsird
1128 4476 1359 4555 Nardanlpmlra
1380 4477 1490 4557 Cyning
1501 4480 1668 4558 ford-ferde
1688 4503 1723 4541 aa
1748 4483 1799 4542 xix
1824 4481 1897 4544 Kal.

316 4571 401 4630 Janr.
412 4570 623 4644 anDrp'ffeltlal'
663 4571 853 4630 Consentiunt
862 4569 1027 4641 Florentiae,
1037 4585 1066 4630 et
1077 4571 1144 4631 eea.
1158 4574 1177 4635 l.
1188 4580 1216 4639 5,
1231 4593 1259 4635 c.
1277 4581 1322 4642 19,
1335 4576 1380 4634 ed.
1395 4575 1531 4635 Caritabr.
1548 4597 1575 4653 p.
1588 4585 1657 4637 208.

320 4667 368 4738 ω)
395 4667 467 4724 Cod.
481 4666 613 4725 Claread.
629 4673 669 4735 49
682 4667 729 4724 bic
742 4667 887 4744 subjungit
910 4672 929 4701 “
941 4667 971 4724 in
985 4666 1184 4746 Cennmagaire
1198 4670 1228 4726 ·i·
1241 4668 1429 4729 Tanatl”-et
1441 4685 1527 4729 recte.
1566 4672 1669 4746 Agitur
1678 4670 1753 4728 euim
1769 4671 1804 4728 de
1825 4669 1896 4730 Con·

313 4759 410 4841 glallo
424 4759 619 4834 Cinnmaglair
633 4761 690 4817 filio
705 4762 857 4839 Feargusii,
872 4763 921 4839 qui
933 4761 1090 4844 Langseclo
1103 4765 1277 4824 Domhualdi
1289 4765 1328 4834 ll,
1342 4786 1379 4822 ex
1394 4765 1476 4822 Enna
1490 4765 1557 4831 filio,
1566 4764 1659 4839 nepoti
1673 4766 1808 4824 successit
1821 4787 1896 4826 anno

317 4846 388 4927 701.
428 4852 529 4914 Gildat
536 4854 673 4926 Molaria,
690 4858 797 4919 secuti
815 4859 859 4920 xii,
875 4858 1008 4938 scriptor,
1028 4860 1111 4939 cujus
1123 4871 1206 4922 extat
1230 4862 1261 4921 iu
1281 4861 1426 4920 Stoweuse
1443 4858 1598 4935 catalogus
1619 4859 1734 4940 Regum
1751 4862 1897 4926 Hiberniae
