4446 6000
745 575 1003 642 ruminas
1044 541 1481 641 veroniensis·
1788 539 1887 640 361

322 756 436 829 vitam
457 754 614 830 feliciter
631 756 669 828 lii
689 755 765 853 (in)
785 758 843 830 die
863 757 885 829 i.
904 758 985 831 Kal.
1003 758 1180 831 Decemb.
1203 755 1336 830 finivit.
1358 752 1533 851 (l)—M.
1550 776 1674 827 maras
1704 754 1893 829 eroibldee

320 878 522 952 Anneium
536 877 727 975 {togoidira
752 879 909 953 Domita.
929 906 973 954 m.
992 880 1202 977 Robartoig
1216 880 1312 955 Com.
1331 880 1406 954 Col.
1425 874 1571 975 eilifri
1586 901 1635 966 re,
1656 877 1678 950 i.
1695 903 1784 976 pace
1802 880 1892 951 d.-

320 1000 459 1074 Maind
472 1001 596 1075 Fertsi
611 1000 838 1101 suilidlicsor
852 1006 950 1076 renel
966 1002 1112 1078 Conaill
1128 1004 1185 1076 ria
1206 1010 1304 1078 renel
1318 1030 1342 1077 n
1354 1004 1448 1099 Eog.
1469 1003 1621 1074 itorcair
1638 1001 1836 1075 Eieertaeli
1854 1002 1888 1074 lr.

319 1126 522 1199 Toirclreirt
540 1126 678 1205 7al.m.
707 1127 931 1221 [Maemaras
947 1125 1114 1215 devotus,
1129 1125 1367 1201 Anaehoreta
1384 1126 1556 1224 optimus,
1579 1123 1773 1197 Donaldus
1792 1125 1889 1197 lilius

321 1247 534 1344 Robartagi‚
556 1248 725 1322 Vicarius
742 1249 940 1323 Columba
954 1247 1203 1322 Ecclesiarum
1231 1249 1545 1346 aliquotcmpore,
1567 1248 1605 1320 in
1621 1271 1713 1346 pace
1730 1246 1889 1322 dormie·

319 1383 418 1444 runt.
473 1373 643 1445 Victoria
658 1372 986 1446 Fertsi-sulidcnsis
1013 1372 1060 1446 de
1090 1370 1324 1446 Tirconalliis
1358 1384 1463 1472 parta
1493 1396 1515 1443 a
1541 1370 1716 1461 Tironiis,
1745 1369 1896 1466 inqua

319 1492 434 1566 occisi
452 1507 540 1566 sunt
557 1492 740 1568 Ecertach
758 1493 998 1583 O'Torebert‚
1021 1493 1138 1568 etalii
1155 1495 1300 1588 multi.]‘

320 1616 394 1694 00,
425 1620 518 1709 illst
531 1617 586 1699 ir..
609 1615 669 1688 Kl.
688 1616 712 1689 J
715 1642 772 1689 an.
786 1615 851 1690 fer.
865 1616 929 1689 vii.
949 1615 1045 1690 Lun.
1063 1643 1099 1691 v.
1154 1619 1283 1693 Areolt
1299 1616 1430 1719 morso
1446 1620 1515 1693 Er.
1537 1622 1619 1694 uile.
1659 1618 1899 1713 [Mortalitaa

319 1761 455 1834 magna
469 1775 471 1778 >
486 1751 735 1811 armentorum
766 1764 830 1836 per
861 1740 1079 1814 Hiberniam
1097 1744 1246 1836 totam]
1296 1742 1516 1817 Gennanates
1532 1742 1729 1838 [Kellensis
1747 1741 1893 1834 civitas]

319 1860 365 1932 ab
383 1861 471 1958 igne
487 1862 735 1960 dissipataest.
789 1863 982 1937 Diarmoit
999 1865 1032 1936 li.
1049 1865 1306 1961 Moelatirgen,
1328 1867 1411 1939 Air.
1432 1866 1538 1939 Duin
1555 1864 1791 1962 [Praepositus
1810 1864 1892 1936 Du-

318 1985 457 2078 nensis]
481 1985 518 2057 in
540 2000 652 2059 nocte
670 1986 784 2060 Pasca
800 1988 951 2081 quievit.
1007 1988 1209 2060 Cealldnrn
1232 1989 1278 2060 de
1308 1985 1429 2061 media
1455 2000 1556 2084 parte
1585 2001 1745 2061 cremata
1775 1999 1894 2061 est.—

319 2104 556 2184 Coineomrae
568 2110 601 2183 li.
617 2111 771 2207 Raigria
790 2113 832 2184 do
845 2111 974 2208 gabei!
983 2111 1071 2209 Epa.
1082 2113 1158 2185 oide
1169 2112 1402 2185 Ardamaclio
1416 2114 1475 2185 dia
1487 2112 1645 2186 Dombn.
1661 2110 1890 2209 Cengcigliis.

323 2239 506 2334 [obtinuit
523 2237 784 2333 Episcopatum
801 2233 1182 2307 Ardmaehanumdie
1203 2234 1406 2307 Dominiea
1433 2235 1699 2328 Pentecostes.]
1725 2235 1894 2309 Donnelr.

319 2389 365 2437 m.
385 2387 429 2434 m.
447 2360 636 2454 Moennig,
656 2350 726 2429 Al.
746 2357 808 2445 Ja,
832 2355 973 2449 [Abbas
993 2354 1185 2446 Hiiensia]
1213 2354 1473 2427 Uambnuelmn
1494 2381 1542 2428 ua
1560 2357 1773 2444 Merctnire,
1796 2357 1893 2431 Com.

320 2483 485 2572 naleini,
517 2480 703 2578 [Viearius
716 2478 782 2552 filii
799 2477 934 2571 Lerrii,]
951 2479 1091 2551 Annud
1101 2477 1134 2550 li.
1151 2474 1381 2574 Longarcarr‚
1398 2474 1496 2550 Com.
1517 2478 1593 2553 Coi.
1607 2504 1651 2551 m.
1667 2477 1893 2568 Cremtlroira

318 2607 505 2703 [Vicarius
526 2602 717 2677 Columbae
733 2599 799 2673 filii
819 2599 1056 2692 Crimthani,]
1089 2599 1129 2673 in
1155 2623 1245 2696 paee
1273 2611 1531 2696 pausaverunt.
1585 2600 1699 2699 Slogli
1726 2606 1762 2676 la
1778 2604 1895 2676 Mim-

320 2731 464 2806 eertoeli
480 2731 514 2803 b.
533 2755 566 2803 m
587 2729 729 2816 Brioin,
751 2730 824 2806 7la
842 2725 1057 2822 L7limoglia
1073 2749 1111 2798 eo
1128 2726 1221 2798 eliab·
1235 2725 1337 2814 Ueii,
1358 2749 1422 2797 eon
1443 2727 1555 2799 derne
1571 2725 1678 2800 Dom.
1700 2725 1891 2801 ConaPot.
1954 2764 1956 2768 ⁴

319 2859 369 2931 sit
384 2856 520 2930 mblina
551 2861 721 2931 eterra?
753 2849 942 2923 tuaireeirt
976 2848 1046 2922 Er.
1067 2846 1181 2946 Slogi
1210 2853 1247 2923 la
1276 2848 1382 2922 Dom.
1404 2849 1437 2920 b.
1460 2849 1585 2922 Locbl.
1607 2862 1630 2931 7
1650 2854 1686 2923 la
1704 2852 1896 2928 tueirceirt
1933 2925 1935 2928 Α

322 2980 391 3053 Er.
415 2993 477 3051 tar
497 2978 612 3050 turim
627 2976 666 3048 in
683 2972 820 3047 Ultaib.
839 2973 899 3046 Ul.
922 2973 1006 3078 do.)
1021 2971 1121 3045 craib
1135 2971 1170 3044 T
1165 2973 1265 3045 eleba
1284 2972 1494 3071 illongport.
1551 2974 1755 3070 Comroigit
1784 3001 1832 3048 on
1859 2977 1896 3048 di

320 3101 548 3198 marcsloiglr.
603 3099 748 3173 Meridie
759 3092 837 3192 for
851 3095 1070 3193 Marcsloglr
1103 3094 1164 3167 Ul.
1184 3107 1206 3175 7
1227 3094 1393 3167 marhtar
1416 3095 1450 3169 b.
1469 3093 1653 3169 Anrlrnin
1687 3121 1772 3170 ann.
1800 3097 1892 3172 Fac·

318 3224 427 3297 libaid
443 3223 482 3296 U
481 3227 503 3296 l.
518 3225 632 3296 iarsin
648 3225 688 3294 al
702 3225 880 3318 longpora
902 3229 925 3298 7
944 3219 1070 3292 loiscid
1082 3220 1180 3291 eenel
1192 3243 1216 3290 a
1234 3217 1330 3315 Eog.
1345 3219 1396 3307 ie,
1416 3229 1439 3298 7
1455 3221 1592 3294 tescaid
1605 3221 1731 3294 craibli
1750 3221 1889 3295 Tereia.

318 3346 414 3421 Dob.
437 3370 482 3421 ur
507 3344 585 3418 doib
619 3344 733 3418 iorrin
758 3346 802 3416 da
819 3343 881 3417 eti.
901 3339 1041 3420 ream.
1061 3340 1244 3436 Comgaill
1260 3341 1375 3414 illaim
1392 3338 1460 3441 sri
1488 3345 1557 3417 oda
1572 3345 1621 3417 eti
1640 3345 1676 3418 ii.
1697 3345 1904 3422 Domitiae,

315 3678 363 3747 (l)
379 3676 421 3731 1v
436 3674 574 3750 Magistri
586 3675 622 3730 de
634 3674 689 3730 hoc
704 3672 846 3747 Episcopo
854 3670 970 3746 O'Heny
984 3670 1117 3746 inquiunt
1129 3670 1166 3727 ad
1177 3689 1244 3727 ann.
1258 3677 1345 3740 1098,
1359 3671 1506 3729 luisse-“
1518 3671 1586 3729 Suri
1598 3693 1633 3729 an
1645 3675 1786 3732 uirdceelt
1802 3675 1895 3734 erdllo

318 3774 340 3800 ‘⁴
355 3767 509 3829 Rumina?
526 3786 562 3822 aa
576 3766 723 3841 ngooind.''
750 3765 918 3839 [sapientem
935 3769 964 3821 in
978 3766 1126 3840 praeceptis
1140 3765 1237 3838 legum
1251 3765 1448 3823 Romanarum
1471 3776 1502 3823 et
1528 3769 1891 3844 Hibernensium.]—Eed·

318 3880 417 3930 merus,
431 3861 552 3937 scriptor
562 3878 684 3927 coaevus,
699 3859 790 3934 inquit
803 3871 970 3933 praesentem
994 3859 1078 3914 fuisse
1100 3857 1129 3912 in
1143 3856 1274 3913 Concilio
1285 3857 1384 3914 habito
1397 3859 1424 3914 in
1440 3858 1580 3916 Hibernia
1592 3879 1668 3916 anno
1687 3860 1772 3930 1096,
1792 3865 1821 3920 in
1835 3883 1892 3940 quo

317 3958 482 4015 interfuere.
522 3962 541 3988 “
558 3956 619 4012 Rex
635 3955 780 4010 Hiberniae
792 3952 972 4010 Murcerluclr
989 3951 1159 4024 (O’Briea,)
1174 3949 1304 4028 Dafneld
1317 3951 1461 4022 (O'Hene‚
1476 3954 1719 4032 Archiepiscopus
1740 3957 1896 4034 Casseliae,)

315 4060 334 4089 ‘⁴
350 4052 459 4110 [dunen
475 4051 630 4126 Episcopus
645 4049 793 4117 blidensis,
806 4047 917 4106 Saniurl
930 4048 1132 4116 Dubliniensis,
1145 4046 1337 4108 Fcrdomneclr.
1346 4048 1501 4125 Episcopus
1515 4049 1704 4125 Lageniensis,
1737 4053 1770 4123 (i.
1780 4072 1805 4110 e.
1820 4053 1892 4111 Kil-

317 4156 336 4184 “
355 4149 487 4216 derensis,
500 4148 535 4203 de
549 4163 606 4221 quo
619 4145 681 4202 ride
695 4155 792 4202 notam
808 4143 881 4203 infra
893 4146 930 4204 ad
945 4165 1012 4205 ann.
1026 4140 1124 4217 noa)
1136 4155 1165 4202 et
1178 4143 1256 4201 alii.'.'
1306 4143 1387 4203 Hisr„
1398 4146 1505 4204 Novor.
1517 4145 1538 4204 l.
1550 4152 1581 4214 9,
1593 4165 1622 4222 p.
1631 4142 1681 4207 36.
1722 4149 1795 4208 Vide
1808 4168 1896 4228 supra

317 4241 486 4313 ann.1096.

357 4339 625 4399 ll'atersordiensum
639 4336 792 4413 Epistolain
806 4335 893 4393 edidit
906 4334 1044 4405 Ueserim,
1058 4335 1172 4413 Sylloge
1182 4355 1249 4393 ann.
1261 4331 1348 4406 1096,
1362 4357 1391 4413 p.
1400 4343 1451 4405 99,
1470 4336 1500 4394 in
1509 4357 1566 4414 qua
1578 4340 1704 4398 notanda
1715 4351 1782 4399 sunt
1796 4345 1890 4412 verba,
1913 4397 1917 4402 .

314 4441 334 4473 “
351 4439 411 4495 Nos
424 4434 699 4510 (Waterlordienses)
716 4444 744 4489 et
759 4433 820 4490 Rex
836 4444 930 4489 noster
944 4431 1168 4502 Mourideba,
1195 4446 1225 4490 et
1245 4434 1402 4510 Episcopus
1416 4433 1598 4505 Domneldus,
1613 4447 1642 4492 et
1666 4436 1800 4493 Dermetl
1826 4440 1887 4496 dux

315 4537 334 4566 “
350 4543 453 4602 noster,
481 4533 568 4589 irater
583 4530 674 4605 Regis,
696 4528 832 4603 elegimus
853 4527 930 4584 hune
958 4529 1156 4602 Presbyterum
1172 4527 1414 4597 Molclirm,&c.”
1465 4530 1576 4587 Deinde
1589 4532 1696 4608 primus
1709 4531 1806 4588 ordine
1820 4536 1888 4592 sub·

317 4628 415 4686 scribit
428 4627 498 4696 Rea,
511 4627 653 4684 secundus
666 4622 799 4683 Demeas
814 4623 899 4681 irater
913 4623 1006 4698 Regis,
1026 4623 1125 4681 tertius
1136 4623 1308 4682 Donmaldua
1325 4626 1489 4704 Episcopus,
1503 4627 1620 4683 ultimus
1632 4625 1817 4685 Ferdemnoeb
1830 4629 1887 4687 Le·

312 4723 480 4802 gmrensium
494 4721 651 4797 Episcopus.
694 4721 783 4779 Extat
804 4722 833 4776 in
846 4719 954 4777 Codice
967 4717 1132 4777 cottoniano
1146 4720 1300 4797 Cleopatra
1312 4723 1345 4780 E.
1358 4729 1384 4794 l,
1405 4733 1434 4778 et
1447 4723 1476 4778 in
1489 4720 1646 4795 Spelmenni
1657 4721 1768 4782 Concil.
1780 4725 1848 4785 edit.
1860 4734 1888 4800 1,

313 4834 335 4881 t.
349 4827 377 4890 9,
389 4839 416 4895 p.
426 4825 475 4886 90,
486 4817 620 4896 professio
633 4817 800 4874 obedientias
814 4835 899 4892 quarn
914 4815 1052 4873 Anselmo
1067 4817 1195 4890 praestitit
1208 4809 1346 4887 Melehur,
1363 4828 1393 4875 at
1406 4817 1450 4874 bae
1464 4816 1593 4873 formula·
1607 4817 1643 4874 ad
1669 4817 1796 4878 civitates
1818 4821 1887 4884 Ost·

314 4916 439 4979 manicas
454 4912 593 4988 Dublinii,
606 4923 636 4972 et
646 4911 850 4986 lllaterlordiae,
864 4910 1008 4972 exclusive
1019 4910 1172 4973 reserenda
1185 4924 1262 4990 sunt,
1276 4931 1466 4991 necunquam
1479 4912 1613 4973 transiere
1627 4913 1657 4973 iu
1667 4916 1855 4994 exemplum..
