4446 6000
371 487 440 578 30
812 513 1071 578 annanns
1112 512 1514 580 nunoninnsns.
1643 554 1648 566 -

368 717 553 815 Ferodaig
570 742 624 794 mc
641 718 776 793 Daacle
792 721 887 818 regis
900 720 1092 819 Oarar'gle.
1123 719 1338 839 ⁴[Feradngi
1368 716 1435 792 lilii
1455 715 1613 809 Duachi,
1634 717 1731 816 regis
1756 719 1946 819 Ossoriae.]

371 842 442 916 Vel
457 843 529 917 hoc
547 869 646 916 anno
661 844 764 941 quies
783 846 952 920 Eitlecen.
971 845 1030 940 (1)
1123 836 1136 907 ᾗ

260 1023 265 1034 .
372 968 440 1043 ssa.
459 963 499 1042 D
520 968 663 1052 traria.
706 967 788 1041 Kal.
801 968 886 1044 Jan.
900 967 937 1041 ii.
956 966 1021 1040 fer.
1041 968 1118 1040 lun.
1131 965 1237 1040 xxiv.
1288 965 1405 1051 Quies
1423 969 1456 1041 ia
1477 967 1589 1042 Nisae
1603 966 1673 1041 Ab.
1699 967 1757 1043 Cl.
1776 994 1838 1045 mc
1867 973 1950 1048 nois

370 1090 451 1162 xvii
481 1114 589 1163 anno.
612 1090 671 1187 (9)
721 1090 854 1186 [Quies
872 1089 937 1164 filii
960 1089 1095 1179 Nissei,
1116 1088 1272 1163 Abbatis
1287 1090 1508 1165 Cluanensis
1524 1091 1755 1184 Monastetii,
1773 1118 1874 1170 anno
1907 1108 1950 1179 17

372 1212 593 1310 regiminis]
645 1215 749 1287 Mors
761 1214 864 1287 Aeda
881 1213 1021 1301 Snibne,
1044 1213 1140 1311 tegis
1154 1214 1295 1289 Moeno
1315 1215 1460 1312 maigli.

369 1341 437 1415 aa.
456 1337 496 1414 Φ
513 1342 589 1423 lm
606 1346 640 1417 t.
669 1338 750 1410 Kal.
766 1338 790 1410 J
794 1361 852 1408 an.
869 1335 919 1410 iii.
940 1335 1141 1410 fanianu.
1181 1337 1333 1412 Occisio
1345 1339 1505 1412 Baetain
1525 1365 1580 1413 mc
1599 1340 1849 1440 Ninnedliafli
1862 1347 1947 1422 Dn-

368 1462 502 1561 acl,fli
519 1461 729 1557 Conaill(3)
748 1462 772 1532 l.
789 1459 822 1532 ic
837 1458 1004 1554 Fergunn
1021 1456 1241 1556 Ceannsoda,
1269 1460 1366 1558 regis
1385 1463 1518 1555 Tarnro,
1546 1466 1627 1563 qoi'
1642 1491 1720 1541 uno
1750 1493 1850 1542 anno
1865 1493 1947 1569 reg·

371 1586 488 1660 navit.
542 1587 720 1661 Cumaeae
738 1607 791 1655 nro
815 1582 977 1658 Colmnin
994 1581 1065 1680 big,
1099 1584 1132 1656 ic
1148 1582 1360 1675 Diarrnata,
1394 1613 1478 1662 ocae
1506 1589 1685 1665 Cumaeae
1701 1617 1756 1666 mc
1773 1592 1946 1684 liblaco,

358 1709 413 1807 sti
431 1712 617 1798 Illannon,
635 1732 689 1782 nec
707 1706 881 1794 Cerbaill,
903 1704 1124 1812 oeciderunt
1138 1731 1233 1794 eum,
1255 1709 1413 1783 consilio
1429 1709 1592 1786 Colmain
1606 1714 1641 1786 ·i·
1657 1738 1697 1787 oc
1708 1717 1827 1788 leimin
1839 1718 1948 1792 deicit.

374 1835 423 1907 ul.
437 1833 474 1907 li.
493 1858 592 1907 anno
612 1833 654 1907 K
669 1835 791 1905 drona
809 1856 864 1906 mc
878 1828 1175 1926 ereo-[Occisio
1200 1829 1353 1905 Baetani
1371 1833 1436 1906 filii
1461 1834 1655 1925 Ninnedii,
1688 1836 1755 1910 filii
1786 1837 1947 1930 Duachi,

371 1957 436 2031 filii
458 1956 616 2045 Conalli,
645 1956 705 2028 vel
736 1952 803 2027 filii
835 1952 1000 2053 Fergusii
1017 1950 1160 2051 Capitis
1176 1952 1293 2051 longi,
1316 1954 1431 2053 Regis
1446 1956 1636 2047 Temoriae,
1667 1958 1731 2055 qui
1751 1985 1826 2034 uno
1851 1986 1951 2036 anno

372 2082 555 2181 regnavit.
593 2080 782 2156 Cuuiaene
812 2077 908 2151 filius
939 2075 1111 2151 Colmani
1131 2077 1243 2174 parvi,
1265 2077 1332 2152 lilii
1349 2078 1549 2170 Diarmitii‚
1578 2093 1616 2154 et
1635 2081 1823 2157 Cumaene
1854 2084 1952 2160 lilius

373 2205 534 2298 Livreni,
569 2205 635 2278 filii
654 2203 826 2293 Illanoni,
860 2201 927 2277 filii
946 2201 1118 2291 Cervalii,
1139 2201 1362 2277 occiderunt
1385 2203 1642 2280 cumconsilio
1660 2205 1844 2299 Colmani,
1880 2210 1903 2283 i.
1917 2235 1947 2285 e.

373 2331 471 2429 apud
500 2331 636 2419 locum,
669 2329 803 2402 saltum
830 2326 934 2400 bovis
959 2326 1209 2425 appellatum
1237 2327 1297 2400 vel
1314 2325 1387 2402 hoc
1404 2352 1514 2421 anno,
1546 2345 1694 2428 gestum
1711 2344 1767 2406 est
1781 2334 1946 2432 praelium

374 2455 525 2532 Drama
542 2480 597 2529 mc
612 2452 701 2544 Ere,
722 2453 745 2527 i.
761 2477 791 2527 e.
808 2452 915 2527 collis
930 2449 997 2523 filii
1017 2449 1151 2543 Eten]

373 2583 442 2658 fla.
469 2577 671 2664 initiali.
709 2572 1192 2651 Kallaninfenlunxvi.
1247 2575 1391 2650 Bellum
1410 2576 1642 2669 Dromaetle,
1664 2580 1702 2653 in
1721 2605 1797 2676 quo
1814 2584 1954 2662 cecidit
2028 2642 2031 2650 .

375 2704 524 2780 Colman
539 2703 598 2776 dec
616 2727 670 2776 mc
690 2702 894 2788 Diarrnato,
912 2698 1080 2773 Aedmac
1095 2697 1261 2772 Ainnnire
1275 2698 1444 2776 viderat.
1480 2701 1587 2800 Daig
1603 2727 1659 2778 mc
1676 2703 1838 2781 Cairaill
1846 2709 1950 2802 obiit,

374 2829 513 2904 neusin
530 2853 564 2923 q.
581 2849 658 2900 ccc.
685 2824 825 2899 libraen
842 2846 897 2897 inc
925 2823 1085 2896 illandon
1101 2823 1134 2895 ic
1154 2822 1339 2898 cearbaill.
1370 2823 1393 2897 1.
1413 2822 1463 2898 ho
1491 2849 1588 2901 mors
1622 2825 1766 2903 daetain
1786 2831 1819 2904 ic
1834 2835 1959 2908 cairill

376 2951 472 3051 regis
491 2951 551 3026 Ul.
603 2947 791 3045 [Ptaelium
811 2943 1047 3038 Dromaethe,
1065 2944 1104 3021 in
1123 2971 1200 3043 qno
1223 2946 1363 3021 cecidit
1392 2948 1542 3023 Colman
1560 2973 1703 3046 parvus,
1726 2951 1825 3026 filius
1845 2955 1954 3030 Diar-

373 3077 480 3165 mitii,
500 3099 611 3172 aquo
625 3072 737 3175 stirps
749 3073 832 3147 olon
849 3072 1000 3148 Colman
1013 3067 1073 3167 (4)
1112 3069 1205 3159 Aea,
1223 3068 1322 3143 lilius
1335 3066 1557 3143 Aaminechi»
1571 3094 1637 3144 rex
1654 3071 1854 3166 Hibernia,
1874 3076 1954 3152 vie·

374 3213 433 3273 tor
450 3212 536 3273 erat.
554 3198 655 3295 Daig
672 3196 771 3271 filius
783 3194 912 3270 Catilli
929 3194 1034 3284 obiit,
1052 3205 1090 3269 et
1104 3193 1144 3270 in
1159 3219 1235 3292 qno
1252 3192 1391 3269 cecidit
1418 3191 1587 3285 Libraen,
1617 3195 1718 3272 lilius
1749 3197 1949 3294 lllandoni,

376 3325 444 3397 filii
464 3321 640 3396 Cerbalii.
686 3320 758 3394 Vel
772 3318 845 3409 hic,
861 3342 959 3394 mors
974 3319 1126 3395 Baetaui
1140 3318 1209 3393 filii
1229 3317 1367 3408 Catilli,
1387 3316 1484 3416 regis
1499 3317 1695 3415 Uinnio]

275 3450 278 3454 ’
375 3449 444 3524 sstt.
471 3443 514 3523 D
530 3447 606 3530 lm
624 3444 689 3522 llll·
735 3443 816 3518 Kal.
833 3442 918 3519 Jan.
940 3469 974 3518 v.
995 3444 1150 3520 feulun.
1171 3440 1289 3517 xxvii.
1344 3440 1462 3528 Quies
1487 3443 1661 3520 Ciarlaen
1691 3446 1772 3547 Epi.
1792 3449 1951 3525 Ardma.

379 3571 459 3647 cha.
515 3569 634 3655 Quies
665 3568 792 3645 Senaic
820 3565 891 3666 Epi
916 3566 1060 3643 Cluana
1079 3568 1207 3641 iraird.
1262 3564 1367 3672 Mors
1398 3577 1578 3666 nepotum
1609 3565 1722 3644 Gano.
1750 3568 1955 3647 Conversio

379 3692 620 3770 Constantini
637 3693 683 3765 ad
700 3692 814 3767 Dum.
844 3706 882 3766 et
901 3691 968 3766 nix
987 3716 1133 3790 magna,
1165 3701 1204 3763 et
1231 3688 1424 3788 jugulatio
1440 3692 1569 3766 Aadlta
1598 3692 1709 3793 nigri,
1744 3696 1777 3770 io
1804 3696 1950 3791 Saldae,

376 3820 519 3917 ilaing.
540 3815 621 3914 [filii
636 3814 785 3905 Soboei,
804 3815 841 3888 in
862 3815 985 3908 nave]
1011 3813 1070 3911 (5)

373 4139 514 4196 Pictorum
527 4158 563 4194 ex
578 4139 677 4196 codice
688 4138 856 4196 Colbertino
867 4135 935 4194 ibid.
950 4143 979 4191 et
989 4134 1018 4191 in
1030 4130 1200 4189 Pialertonii
1226 4135 1245 4165 ‘⁸
1261 4131 1388 4212 quuiey
1402 4135 1463 4194 into
1483 4136 1533 4196 tlte
1554 4136 1632 4200 liist.
1646 4139 1679 4197 ol
1689 4141 1843 4201 Scotland'’
1857 4141 1912 4198 vol.
1925 4146 1954 4211 2,

376 4236 464 4295 Lond.
483 4237 516 4296 17
521 4240 568 4300 89,
584 4234 611 4289 in
626 4234 793 4308 Appentlice
807 4235 864 4292 No.
879 4253 909 4301 x,
923 4249 985 4309 pag.
1001 4234 1071 4288 481.
1114 4228 1189 4286 Vide
1201 4227 1559 4294 Cotol.·Hilern.·Cotton.
1574 4234 1641 4295 MS.
1651 4235 1679 4292 in
1693 4236 1845 4292 Stowensa.

415 4331 453 4390 Hi
468 4346 564 4385 ornnes
575 4327 869 4395 intersedissentiunt,
879 4337 1003 4402 suntque
1015 4325 1111 4383 nacula
1125 4329 1160 4383 ta
1172 4327 1336 4400 posteriores
1343 4352 1356 4396 ,·
1379 4329 1449 4387 nulli
1462 4328 1548 4405 igitur
1560 4327 1698 4403 Catulogo
1711 4328 1866 4404 hucusque
1878 4327 1955 4385 edito

372 4425 575 4488 odhaerendum
593 4432 645 4490 est,
660 4420 711 4477 nisi
725 4422 877 4480 conformis
887 4424 924 4480 sit
944 4423 969 4479 ei
985 4442 1070 4499 quem
1082 4421 1219 4481 exhibent
1230 4422 1395 4501 Tigernaeli
1406 4433 1436 4482 et
1451 4422 1571 4481 Ultonia
1581 4422 1716 4481 Annales.

375 4526 422 4598 (1)
442 4525 513 4582 liaec
527 4521 563 4577 de
578 4515 722 4587 Feredaco,
736 4528 765 4574 at
776 4516 907 4575 Etleenio
921 4518 1022 4574 dosunt
1036 4517 1064 4575 in
1077 4516 1149 4575 Cod.
1162 4514 1294 4576 Clarend.
1307 4525 1357 4586 49.
1440 4519 1487 4592 (2)
1510 4516 1584 4579 Vide
1597 4535 1664 4575 ann
1678 4522 1738 4586 590
1750 4517 1833 4575 infra.

371 4625 414 4695 (3)
433 4627 452 4654 ‘⁴
464 4616 572 4676 Coralli
584 4613 711 4672 Galban”
724 4612 997 4681 Cod.Clarend.49.
1039 4612 1155 4671 Boetani
1169 4612 1208 4683 11,
1221 4614 1270 4671 tilii
1288 4611 1434 4684 Ninnedii,
1457 4632 1558 4672 necem
1574 4611 1699 4671 referunt
1710 4611 1753 4670 lv
1766 4610 1906 4690 Magistri
1918 4616 1955 4672 ad

372 4736 437 4777 ann.
447 4711 516 4783 567,
530 4720 622 4771 “anno
633 4708 748 4769 mundo
761 4709 841 4783 regni
851 4706 923 4768 sai.”
1344 4786 1349 4795 ι

376 4816 424 4886 (4)
441 4812 467 4868 A
478 4830 529 4888 qno
537 4810 628 4883 Stirpi
642 4806 711 4865 Clan
724 4804 836 4864 Colman
848 4807 868 4867 i.
877 4825 903 4863 e.
916 4803 940 4863 0
951 4802 1157 4863 Moleocllain”
1168 4802 1442 4872 concursatio.
1458 4812 1488 4861 et
1503 4811 1591 4873 recte,
1603 4802 1668 4863 vide
1678 4802 1752 4863 inira
1766 4810 1835 4875 ⁵92.

370 4904 417 4984 (5)
440 4904 586 4966 Conversio
596 4902 772 4962 Constantini
783 4902 862 4963 deest
872 4902 902 4961 in
911 4901 983 4965 Cod.
993 4901 1130 4960 Clarend.
1141 4904 1190 4968 49.
1232 4899 1274 4956 At
1285 4906 1366 4958 extat
1378 4917 1435 4959 non
1453 4899 1587 4962 salumin
1608 4898 1717 4962 Codice
1729 4902 1899 4973 Bodleiano,
1913 4923 1960 4960 aa·
