4446 6000
321 524 423 625 138
697 552 1134 621 uunorurrouss
1173 550 1249 619 ab
1283 552 1409 619 amc.
1427 548 1568 620 ern.

316 746 335 775 “
354 741 499 799 ‘Britannis
517 750 632 797 eatenus
643 739 809 815 incognitos,
834 740 869 798 od
888 740 1087 798 cancellandas
1113 737 1250 796 Ecclesiae
1268 737 1404 796 &neuras
1422 738 1611 807 adducerent,
1637 742 1669 794 ct
1681 747 1832 812 maurnai,
1858 753 1890 803 aa

315 850 336 879 “
359 846 512 920 Anglorum
528 861 565 900 ex
578 860 613 900 co
622 855 733 919 gentem
748 844 909 918 hujusmodi
921 845 1074 902 artificium
1088 862 1178 911 nosse,
1192 861 1227 901 ae
1241 843 1348 900 discere
1362 838 1519 900 iecerunt?
1529 841 1583 914 (t)

357 953 398 1006 At
407 962 472 1006 cum
485 947 564 1003 nulla
577 947 641 1004 talis
654 947 683 1005 in
705 947 877 1024 Cogitatum,
890 946 1036 1006 Ilistotica
1062 948 1268 1022 argumentatio
1287 944 1530 1022 possitullatatrus
1544 944 1710 1022 retorquet,
1722 956 1761 1004 «at
1772 946 1891 1007 abente

320 1064 428 1112 constet
441 1070 511 1129 opus
524 1053 586 1128 ejus
598 1068 660 1111 esse
668 1054 752 1110 ratde
762 1054 912 1130 an'tipuum,
927 1051 1032 1109 'Sinant
1040 1050 1191 1127 paululum
1204 1050 1349 1126 Sapientes
1360 1048 1416 1117 isti,
1440 1049 1488 1124 qui
1501 1068 1532 1106 se
1543 1048 1692 1109 tirbensis
1704 1051 1890 1128 mamarius

314 1157 476 1234 appellant,
486 1167 521 1215 'et
534 1169 638 1224 tamen,
658 1157 688 1214 in
701 1157 873 1234 ipso-limine
887 1156 1051 1223 titubantes,
1071 1153 1103 1212 S.
1114 1152 1271 1210 Patricium
1283 1167 1411 1228 unquam
1422 1153 1892 1232 eumae÷rregrnt,et¹ttrrrouum

319 1279 378 1318 esse
389 1259 596 1335 imaginarium,
613 1273 746 1337 tanquam
759 1261 898 1328 'hiemem
915 1270 967 1316 aut
980 1260 1132 1326 Venerem,
1145 1255 1264 1331 profane
1280 1257 1451 1326 nimiumfat
1466 1257 1653 1318 irreverenter
1661 1261 1821 1338 predicare
1828 1280 1892 1321 -non

219 1417 222 1423 ,
314 1366 495 1432 erubescam,
511 1365 558 1438 (2)
568 1365 672 1421 Sinant
682 1364 948 1439 inqnanoctores
960 1361 1015 1429 isti,
1027 1369 1070 1430 ut,
1082 1362 1191 1435 absque
1205 1359 1380 1419 validissimis
1389 1363 1783 1438 rationibnsatltemntlbus,
1792 1367 1891 1438 liceat,

316 1469 393 1527 omni
404 1469 529 1545 seposito
542 1469 640 1537 lirorc,
654 1470 869 1544 circumspecte,
893 1476 922 1523 et
943 1465 1105 1521 verecunde
1127 1480 1262 1533 asserere,
1288 1465 1458 1526 deerredata
1477 1470 1717 1548 quibus‘Cogitaai
1731 1480 1892 1549 φημι.

276 1653 280 1664 p
314 1573 414 1631 crioris
431 1572 662 1648 aevi'flgmentum
681 1590 739 1630 esse
752 1586 927 1628 censeamus.
949 1568 1074 1626 Videant
1088 1568 1117 1624 in
1131 1566 1338 1626 Dissertationr
1352 1573 1550 1648 Prolimr'rrarr',
1571 1594 1657 1654 qnam
1668 1578 1794 1656 egregie,
1807 1588 1837 1637 et
1849 1579 1892 1638 la-

317 1677 429 1734 boriose
442 1676 630 1744 cacutierint,
645 1676 674 1732 in
691 1675 804 1748 judicio
817 1673 936 1731 terendo
950 1675 985 1730 de
998 1672 1028 1731 S.
1038 1671 1173 1742 Patricio,
1186 1674 1274 1749 cujus
1290 1677 1504 1753 Apostolatmn,
1514 1681 1685 1758 argumentis
1698 1681 1779 1740 nulla
1788 1680 1894 1740 invidia

317 1777 458 1847 delendis,
478 1777 632 1853 genuinum
650 1776 912 1835 demonstrasimus.
953 1778 1133 1854 Perpendant
1153 1797 1240 1853 quam
1261 1796 1352 1853 prona
1370 1782 1407 1839 sit
1425 1799 1505 1842 mens
1520 1781 1892 1852 Humana,=dsrerr·mttbus

315 1900 380 1959 quoe
390 1881 520 1958 ipsiodio
533 1891 608 1949 sunt,
624 1881 741 1939 cuilibet
754 1880 802 1936 rix
813 1880 962 1956 apparenti
976 1881 1073 1950 dubio,
1087 1881 1184 1938 statim
1197 1885 1382 1959 patrocinari,
1395 1898 1426 1945 at
1443 1889 1467 1945 si
1480 1885 1894 1965 paratianensis-stradam·

317 1989 395 2047 tandi
411 1989 494 2058 ratio,
506 1987 574 2045 alias
589 1984 917 2064 quasdam‘universales,
928 1986 1012 2043 anxie
1024 1985 1207 2064 c-longinquo
1217 1989 1377 2065 exquirere,
1388 1993 1497 2068 qnaead
1506 1991 1704 2067 ambigendum
1714 1991 1752 2048 de
1761 1991 1894 2048 omnibus

313 2077 475 2150 ¹necessario
496 2091 671 2149 conducunt.
713 2088 814 2146 Sinant
837 2099 869 2147 ut
889 2091 1175 2149 eorum-methodum
1198 2094 1346 2169 puerilem,
1367 2115 1405 2153 ex
1419 2101 1591 2173 argumento
1609 2093 1833 2168 merc-negotium
1855 2092 1893 2150 de

316 2200 399 2258 rebus
410 2197 526 2254 vetustis
539 2194 697 2271 dogmatice
710 2193 891 2263 decernendi,
904 2210 1018 2269 prorsus
1030 2194 1201 2269 rejiciamus,
1223 2216 1337 2257 naccae
1352 2211 1396 2258 est
1411 2199 1497 2269 enim,
1516 2216 1551 2256 ne
1568 2197 1692 2275 negativi
1703 2196 1799 2272 specie
1812 2194 1892 2252 deci·

313 2305 435 2384 piamur,
449 2321 505 2360 uon
519 2301 611 2358 solum
622 2298 746 2374 singulos
756 2285 890 2354 evolvisse
902 2298 1065 2373 scriptores,
1076 2316 1112 2355 ex
1126 2316 1248 2375 quorum
1259 2303 1440 2362 silentio=tale
1451 2301 1781 2382 argumentum-eruitur,
1791 2316 1891 2358 rerum

314 2408 400 2466 etiarn
415 2425 467 2483 per
480 2422 565 2481 quam
578 2401 749 2459 certissimos
769 2419 839 2469 esse,
861 2399 963 2457 nullam
983 2401 1064 2458 istius
1082 2403 1133 2460 evi
1146 2414 1284 2463 arciorem
1293 2407 1457 2468 desiderari.
1497 2408 1672 2484 &pungere
1691 2406 1767 2465 enirn
1787 2404 1892 2483 potuit,

316 2509 559 2588 quemadmodum
581 2526 618 2564 ex
632 2504 814 2563 Bibliotheca
827 2503 932 2573 Proeti,
956 2515 987 2562 ct
1008 2525 1045 2563 ex
1057 2507 1313 2569 -Demonstratione
1327 2509 1498 2586 Euangeliou
1507 2509 1632 2578 »Eusebia
1644 2508 1816 2585 ‘frequenter
1827 2525 1896 2566 con·

315 2615 409 2690 tigisse
422 2613 535 2681 scimus,
558 2618 717 2679 auctorem,
731 2609 813 2684 cujus
828 2608 941 2685 Scripta
953 2611 989 2667 ad
1005 2629 1055 2668 nos
1071 2614 1187 2671 minime
1201 2622 1396 2690 pervenerunt,
1410 2614 1450 2671 rei
1462 2612 1583 2687 alicujus
1596 2610 1770 2669 mentionem
1785 2609 1897 2679 iecisse,

317 2736 381 2792 quae
394 2714 641 2773 tamenacaeteris
664 2713 750 2771 inerit
773 2713 1121 2790 praetermissum—Certi
1136 2716 1221 2775 simus
1244 2727 1366 2794 oportet,
1391 2717 1461 2775 nihil
1474 2718 1510 2777 de
1523 2715 1566 2786 iis,
1586 2734 1648 2792 quae
1671 2717 1701 2773 in
1723 2735 1754 2774 re
1779 2715 1815 2772 dc
1838 2732 1897 2791 qua

315 2818 407 2896 agitur
419 2828 580 2884 evenerunt,
605 2817 774 2895 scriptorum
789 2818 838 2894 qui
862 2829 1012 2896 supersunt
1025 2820 1178 2890 solertiam,
1192 2838 1322 2901 scopum,
1342 2830 1394 2881 aut
1407 2821 1575 2880 memoriam
1597 2819 1720 2898 potuisse
1738 2819 1894 2898 preterire,

315 2934 344 2982 et
361 2930 457 2981 utrum
476 2922 662 2981 necessarium
675 2922 827 2982 habuerint
845 2934 905 2984 tem
923 2925 1016 2996 istam,
1031 2925 1124 3005 lippis,
1135 2937 1221 3004 atque
1235 2926 1396 2984 tonsoribus
1410 2934 1517 2996 notam,
1532 2941 1700 2984 memorare.

564 3124 609 3165 ΒΕ
633 3125 723 3167 ARTE
746 3122 921 3166 rtrtattrtm
946 3125 1162 3173 attrttttu'rtts
1191 3126 1350 3167 excubae
1380 3126 1418 3167 nt
1443 3121 1634 3165 axutam.

389 3236 441 3304 At,
468 3232 599 3311 inquiunt
631 3235 747 3310 quidam
776 3232 1143 3311 recentiores,-Cogitoaus
1166 3236 1276 3293 tabulas
1296 3237 1387 3312 pictas
1415 3244 1554 3293 memorat
1573 3233 1604 3290 in
1628 3230 1758 3291 Ecclesia
1778 3228 1895 3289 Kildar-

318 3335 527 3410 ensel-Bsto,
541 3348 570 3395 et
593 3339 660 3414 quid
684 3338 770 3396 indci
812 3339 955 3397 Ecclesias
979 3351 1102 3399 vetustas
1116 3360 1173 3398 non
1187 3341 1280 3399 solum
1293 3340 1398 3398 seculo
1422 3347 1514 3410 sexto,
1535 3356 1593 3416 quo
1617 3337 1713 3395 floruit
1735 3335 1894 3413 cogitosus,

317 3441 365 3498 scd
392 3451 421 3499 et
446 3443 556 3518 quinto,
578 3451 607 3498 et
627 3455 738 3517 quarto,
760 3442 820 3501 imo
843 3451 873 3500 et
888 3444 980 3515 tertio,
1009 3445 1189 3520 Imaginibus,
1217 3454 1246 3501 et
1269 3442 1435 3520 parictibus,
1457 3449 1487 3500 et
1507 3440 1611 3499 tabulis
1634 3439 1717 3516 pictis
1744 3439 1893 3497 decoratas

316 3545 411 3615 inisse,
440 3555 483 3603 tot
508 3546 677 3622 scriptorum
703 3547 965 3624 antiquissimorum
993 3547 1173 3617 testimoniis,
1194 3557 1238 3604 tot
1260 3545 1454 3604 Conciliorum
1480 3545 1574 3621 gestis,
1594 3554 1637 3603 tot
1650 3543 1892 3602 iconoclastarum

317 3650 499 3720 tumultibus,
513 3665 543 3708 ct
560 3652 764 3711 vastationibus
790 3653 971 3711 manifestum
994 3664 1046 3724 est,
1067 3661 1100 3710 ut
1120 3652 1151 3710 in
1177 3664 1284 3709 retem
1304 3660 1419 3728 patente
1442 3651 1588 3709 immorari
1601 3648 1718 3726 refugiat
1730 3648 1893 3720 animose

317 3755 363 3812 De
375 3756 541 3832 imaginibus
554 3757 582 3815 in
595 3757 729 3816 Ecclesiis
739 3759 856 3817 vetustis
869 3759 980 3836 depingi
995 3759 1094 3830 solitis,
1105 3756 1323 3837 locupletissimi
1333 3734 1492 3816 'struttestcs
1506 3755 1895 3832 SS.Paulinur,Augustinur,
1943 3742 1945 3746 ἱ

315 3858 447 3931 Basilius,
469 3860 621 3938 Gregorius
640 3860 790 3938 usercense,
804 3862 984 3930 Prudentius,
1000 3861 1150 3920 Venuatiar
1163 3861 1343 3931 Fortunatas,
1367 3862 1473 3938 aliique
1493 3863 1587 3940 plures
1603 3872 1662 3921 tam
1680 3859 1893 3928 occidentales,
1929 3866 1933 3871 '

314 3982 401 4039 quarn
425 3965 594 4038 Orientales,
613 3984 682 4043 quos
699 3975 846 4023 enumerat
865 3967 992 4044 Scriptor
1005 3967 1188 4026 Hibernensis
1201 3964 1368 4042 Drmgallua,
1390 3962 1486 4021 Caroli
1501 3965 1601 4041 Magni
1615 3982 1737 4033 coesus,
1750 3960 1896 4037 Bingium,

316 4062 500 4141 Mamerti-us,
510 4081 539 4129 et
548 4070 646 4129 Rosius
659 4072 688 4129 in
698 4071 791 4130 Romo
804 4074 995 4131 subterranea.
1007 4075 1051 4146 (3)
1069 4072 1149 4130 Beda
1162 4085 1259 4130 narrat
1272 4070 1307 4129 de
1321 4069 1478 4128 Benedicta
1492 4069 1608 4146 Biscop,
1621 4068 1697 4146 quod
1720 4067 1763 4125 bis
1777 4064 1895 4122 redierit

316 4183 335 4222 a
349 4166 451 4236 Roma,
460 4185 575 4232 onustus
585 4197 686 4253 magna
695 4194 843 4237 sacrorum
853 4178 1027 4237 voluminum
1043 4177 1145 4254 Copia,
1167 4186 1197 4235 et
1208 4184 1371 4235 sanctarum
1383 4173 1543 4249 Imaginum
1553 4173 1684 4239 Pictum,
1694 4169 1730 4226 ad
1744 4166 1896 4225 ornandam

316 4270 480 4342 Ecclesiam,
494 4295 557 4350 quae
568 4283 749 4342 concordiam
760 4285 873 4344 Veteris
892 4295 921 4342 et
935 4285 1010 4343 Novi
1023 4282 1208 4354 Testamenti,
1221 4282 1361 4340 concinno
1370 4279 1491 4338 artificio
1503 4279 1533 4336 in
1545 4275 1698 4353 parietibus
1711 4271 1898 4331 exhibebant.

319 4376 397 4447 Una,
411 4374 541 4433 lsaacum
554 4378 630 4454 ligna
646 4395 808 4457 portantem
827 4391 929 4464 quibus
942 4389 1152 4457 immolaretur,
1167 4399 1196 4444 ct
1207 4407 1223 4443 e
1236 4367 1349 4463 regione
1359 4383 1505 4442 Christum
1517 4397 1631 4440 crucem
1643 4383 1817 4454 portantem,
1828 4375 1895 4436 alim

318 4552 1887 4584 -υ--ι--ι-ᾘ-Μ

334 4679 367 4728 li)
387 4677 444 4726 Bed.
457 4679 521 4727 Hist.
533 4677 653 4727 Abbatum
664 4678 725 4726 edit.
737 4677 851 4728 Cantabr.
864 4697 887 4742 p.
901 4685 958 4731 295.
1105 4683 1139 4730 tri
1157 4681 1266 4728 Ledroici
1277 4680 1430 4747 Antiquae,
1441 4697 1467 4748 p.
1477 4683 1533 4739 368,
1546 4684 1572 4729 et
1580 4678 1636 4729 8⁷3·

335 4757 379 4821 (3)
398 4758 513 4824 Bingium
524 4758 607 4827 Antiq.
620 4761 648 4810 of
657 4761 698 4809 the
708 4757 828 4809 Christian
840 4758 945 4821 conten,
963 4761 1074 4820 Loudoa,
1085 4762 1127 4815 iol.
1140 4764 1211 4818 atta,
1223 4765 1342 4827 psagdtt.
