4446 6000
367 466 473 562 330
786 485 1045 555 nunnius
1086 490 1488 558 unrournrrsns.

366 669 407 774 k..
423 667 625 765 Loingsr'glr
644 664 872 761 ittaigtnibt.
915 665 1098 766 Maelput.
1119 668 1159 741 ln·
1176 669 1320 742 Bileocc
1336 665 1652 766 ard-ser·leiginn,
1669 673 1766 750 7srrr'
1780 673 1819 747 in
1836 660 1952 750 arabis

368 801 395 873 '7
410 817 435 865 n
452 815 553 889 ange,
575 790 613 863 in
636 801 829 864 senectute
843 790 942 865 bona
961 815 994 887 q.
1031 789 1266 864 Dubduletlre
1280 815 1324 862 m.
1344 792 1570 865 Maelmur're
1587 794 1629 867 do
1641 798 1743 892 gabk
1760 798 1950 898 nastrum

368 917 544 1013 Leiginn.
564 914 762 1010 [Muredae
781 914 879 988 filius
899 914 1128 988 Flahertachi
1148 914 1314 1003 O’Neill,
1332 912 1482 987 futurus
1500 939 1566 987 rex
1586 916 1752 1009 Aliehiae,
1773 922 1949 996 etAthed

369 1038 542 1114 O’Athed
555 1063 620 1112 rex
633 1039 845 1113 Eachorum
857 1036 1227 1127 Ultoniae,combusti
1238 1037 1276 1109 in
1288 1035 1401 1109 domo
1412 1036 1574 1127 incensa,
1587 1062 1650 1136 per
1668 1040 1814 1116 Cuulad
1830 1045 1954 1120 filium

367 1163 436 1238 filii
463 1162 636 1260 Congalli
655 1163 797 1261 Regem
815 1161 1067 1236 Uchtartiriee.
1121 1161 1192 1233 Art
1221 1160 1394 1234 O’Ruarc
1419 1161 1501 1235 Rex
1531 1162 1735 1241 Connaciae
1761 1168 1907 1245 occisus
1926 1197 1954 1246 a

366 1285 613 1362 Tirconalliis.
668 1285 799 1384 Perga!
818 1283 1007 1358 O'Ciarda
1029 1308 1095 1356 rex
1114 1282 1265 1356 Carbrei
1283 1285 1429 1357 occisus
1442 1310 1505 1383 per
1524 1287 1793 1389 O‘Flannagan
1808 1296 1953 1394 Regem-

365 1410 502 1486 Teffiae.
556 1408 756 1483 Concobar
773 1405 991 1504 O’Longsig
1018 1405 1102 1478 Rex
1134 1404 1343 1480 Dalaradiae
1375 1410 1526 1485 occisus
1559 1415 1686 1488 afilio
1712 1418 1881 1493 Donaldi
1900 1421 1958 1494 Ο*

355 1534 539 1637 „lmngsig
556 1533 595 1606 in
615 1531 791 1631 Lagenia.
844 1527 1122 1626 Maelpatricius
1141 1527 1341 1604 O’Bileocc
1358 1534 1564 1632 praecipuus
1583 1534 1792 1631 Praelector,
1830 1554 1868 1616 et
1894 1568 1957 1618 sa·

364 1642 470 1757 piens
490 1659 528 1733 in
548 1658 694 1756 pietate,
715 1668 754 1728 et
768 1655 950 1743 castitate,
968 1651 1008 1724 in
1038 1661 1234 1724 senectute
1259 1651 1359 1726 bona
1389 1657 1545 1751 quievit.
1599 1659 1837 1737 Dublatheus
1852 1665 1958 1739 fitius-

365 1782 558 1861 Malmurii
573 1779 740 1855 obtinuit
770 1777 847 1877 ejus
865 1778 989 1851 locum
1004 1775 1043 1848 in
1061 1775 1185 1849 officio
1201 1775 1524 1877 Praelectoris.](l)
1663 1874 1668 1883 μ

367 1909 438 1988 flet.
466 1912 510 2001 Φ
524 1909 560 1992 11
574 1905 641 1982 hii.
694 1904 757 1977 Kt
776 1903 800 1976 J
803 1925 861 1973 au.
882 1898 947 1972 fer.
969 1925 1003 1972 v.
1023 1897 1120 1969 Lun.
1137 1897 1159 1970 i.
1188 1896 1346 1973 Snechta
1363 1926 1440 1975 mor
1458 1903 1531 1976 insi
1551 1903 1666 1978 itm
1684 1931 1704 1977 o
1714 1905 1800 2002 seil
1814 1910 1956 1985 Muirc

369 2026 492 2126 rofeil
504 2026 595 2100 Par.
617 2026 659 2098 do
674 2049 698 2096 rr
713 2048 735 2097 a
744 2020 848 2122 fritlt
862 2046 950 2096 sam.
965 2024 1088 2094 torota
1103 2045 1149 2095 ar
1163 2045 1187 2093 n
1204 2023 1314 2113 dome,
1336 2034 1360 2104 7
1375 2026 1497 2116 innita,
1514 2036 1538 2106 7
1548 2025 1749 2125 fiadlrmlril
1766 2030 1951 2119 inmharcrr

367 2163 459 2234 'lert
496 2148 692 2223 Nativitas
703 2147 811 2220 Dom.
831 2170 875 2219 m.
895 2144 1179 2241 Amtalgtadta
1199 2146 1235 2218 a'·
1248 2144 1346 2222 Com.
1364 2149 1455 2222 Pat.
1473 2149 1711 2224 Muirser·tac
1728 2176 1771 2224 m.
1792 2151 1953 2225 Meteri--

372 2276 447 2348 tan
460 2274 496 2346 ri
511 2274 546 2345 lr.
567 2273 769 2346 m-Brerail
783 2269 952 2343 domarbh
972 2269 1009 2339 in
1028 2267 1241 2342 Ardmacha
1263 2272 1306 2342 do
1322 2270 1504 2347 Motodan
1519 2273 1554 2345 k.
1576 2271 1728 2348 Celecan
1748 2299 1783 2372 p.
1807 2274 1956 2348 dolum.

368 2398 451 2473 Lan
469 2394 491 2467 i.
512 2419 555 2467 nr.
586 2393 763 2468 Selbacan
797 2390 895 2467 Com.
912 2391 1023 2488 Brig.
1045 2391 1056 2464 i
1075 2416 1165 2490 pace
1183 2417 1218 2487 q,
1271 2393 1385 2467 Niall
1418 2396 1451 2468 ir.
1474 2394 1619 2468 Ruoirc
1653 2395 1824 2469 domarit
1859 2399 1895 2469 la
1912 2398 1946 2470 te.

370 2518 581 2594 Concobair.
620 2514 906 2612 Creacksluaglr
921 2517 957 2588 la
975 2514 1085 2588 Niall
1100 2540 1144 2587 m.
1164 2517 1374 2589 Mailaeehl.
1393 2518 1407 2590 i
1424 2542 1457 2590 m
1471 2518 1600 2615 Brega
1614 2519 1799 2592 soromarb
1817 2520 1850 2590 h.
1871 2520 1919 2592 N
1920 2521 1953 2591 ἱ-

361 2640 514 2742 fernam
566 2639 664 2734 [Nix
683 2664 820 2738 magna
835 2637 910 2711 hoc
924 2659 1025 2710 anno
1040 2662 1062 2710 a
1079 2637 1182 2711 festo
1193 2638 1323 2711 Mariae
1342 2640 1387 2712 ad
1406 2639 1542 2713 festum
1558 2640 1722 2731 Patrie'ii,
1750 2641 1855 2739 cujus
1873 2668 1955 2718 non

369 2765 449 2837 visa
467 2761 676 2851 estsimilis,
694 2761 745 2834 ita
764 2774 807 2833 ut
822 2760 907 2835 inde
922 2761 1125 2835 mortalitas
1139 2761 1334 2834 hominum
1354 2763 1602 2858 plurimorum,
1633 2776 1671 2835 et
1687 2777 1953 2852 armentorum,

370 2897 408 2961 et
425 2885 584 2960 ferarum
601 2882 937 2974 innumerabilium,
951 2899 989 2959 et
1008 2885 1213 2960 volucrum.
1233 2885 1297 2981 (0)
1351 2884 1544 2959 Nativitas
1561 2885 1726 2959 Donaldi
1744 2885 1807 2959 filii
1823 2886 1950 2959 Amal·

369 3011 468 3111 gadi,
505 3011 527 3084 i.
541 3034 573 3085 e.
592 3008 733 3084 Vicarii
753 3008 915 3083 Patricii.
984 3006 1230 3082 Murcertach
1261 3005 1359 3079 fitius
1389 2990 1670 3082 Matodanirex
1691 3010 1949 3084 Bresalliorum

370 3135 517 3208 occisus
543 3135 582 3207 in
611 3130 823 3205 Ardmacha
847 3154 911 3229 per
939 3130 1190 3204 Matodanum
1209 3129 1420 3203 O'Celecan
1438 3154 1502 3230 per
1518 3131 1663 3205 dolum.
1715 3133 1844 3206 Lanna
1876 3134 1956 3206 filia

369 3258 437 3331 filii
463 3258 663 3357 Selbacani,
692 3256 843 3329 Vicaria
872 3254 1040 3353 urigine,
1072 3255 1109 3331 in
1135 3279 1224 3353 paee
1255 3254 1407 3351 quierit.
1462 3257 1565 3330 Niall
1599 3256 1774 3330 O’Ruarc
1806 3257 1958 3330 occisus.

369 3378 774 3476 perO'Coneobarum.
828 3378 989 3450 Vastans
1009 3379 1195 3451 exercitus
1224 3404 1308 3452 curn
1333 3378 1462 3452 Niatto
1495 3379 1569 3451 filio
1598 3378 1889 3452 Maelsechianni
1909 3380 1949 3452 iu

374 3497 554 3595 Bregiam‚
574 3499 693 3572 donec
709 3497 850 3571 occidit
867 3499 953 3572 O'N
962 3499 1131 3593 ifernan]

369 3819 415 3890 (1)
439 3817 478 3874 lV
495 3817 625 3892 Magistri
641 3819 676 3874 ad
689 3838 756 3876 ann.
770 3817 845 3876 hune
860 3819 1054 3895 inquiunt-“
1071 3818 1141 3877 Mac
1155 3820 1251 3877 Araia
1267 3821 1300 3876 do
1315 3818 1462 3875 ionarbndh
1486 3818 1520 3876 do
1542 3817 1680 3887 Gallar'bh,
1694 3822 1711 3881 7
1727 3837 1786 3875 mae
1800 3817 1955 3893 Roglrnm'it

370 3919 390 3945 ‘⁴
404 3913 439 3968 do
453 3912 631 3989 rioghrarth.’'
656 3913 689 3989 [“
707 3915 792 3972 Filius
803 3915 936 3984 liutoldi,
949 3916 1083 3992 extrulsus
1107 3917 1143 3972 ab
1167 3913 1353 3990 Alienigenis,
1375 3927 1403 3970 et
1418 3915 1491 3971 fitius
1506 3914 1653 3991 Reginaldi
1666 3914 1695 3971 in
1708 3915 1769 3990 ejus
1783 3914 1878 3971 locum
1894 3912 1958 3970 suf-

368 4013 388 4043 “
403 4009 533 4084 fectus.”]
1311 3993 1316 3999 ’

370 4110 414 4177 (Q)
433 4105 474 4160 lv
490 4104 630 4181 Magistri
644 4106 678 4162 ari
694 4125 800 4162 annum
816 4104 891 4161 hune
906 4105 1057 4162 Distiehon
1070 4117 1149 4163 retus
1162 4106 1351 4163 ilibernicum
1366 4108 1555 4164 adducunt-

648 4207 671 4232 “
685 4198 784 4257 Sentit
800 4200 953 4257 miliadlmo
966 4201 1113 4258 tribracho
1125 4201 1244 4264 cain-7
1260 4202 1323 4258 mile
1338 4221 1371 4259 eo
1382 4200 1583 4277 113011101αὲ1-

648 4300 668 4328 “
682 4295 706 4350 0
718 4297 800 4371 gisia
817 4295 867 4354 Cr.
885 4296 930 4360 ela
944 4316 991 4354 eea
1006 4305 1174 4354 taurea-co
1187 4296 1313 4353 blindins
1327 4316 1364 4354 ars
1377 4317 1438 4354 mor
1450 4294 1612 4353 sicaetera?

569 4391 602 4466 [²⁴
617 4391 732 4466 Septem
746 4391 815 4446 anni
826 4404 855 4448 et
869 4394 1057 4469 quodraginta
1066 4394 1239 4450 sinceri-et
1252 4392 1328 4450 millo
1343 4392 1470 4449 absolute
1481 4391 1619 4469 perfectu

567 4493 589 4520 ·‘
601 4489 629 4544 Λ
643 4496 710 4542 nato
725 4484 840 4542 Christo
852 4486 934 4544 sarnae
946 4489 1174 4557 interminabilis,
1189 4489 1341 4546 etiannum
1358 4504 1466 4562 magnae
1479 4483 1591 4558 nivis.”]

410 4585 482 4643 Iiaec
496 4583 623 4642 indicant
637 4599 723 4658 quum
746 4592 823 4637 recte
843 4582 961 4638 dixerim
981 4583 1031 4639 hos
1047 4584 1170 4642 Annales
1184 4603 1250 4642 eum
1265 4603 1321 4642 aern
1335 4602 1488 4640 commuue
1504 4580 1664 4638 consentire
1676 4579 1803 4637 absono
1817 4581 1951 4634 1014.-

372 4677 445 4733 vide
458 4691 517 4737 not.
527 4681 562 4736 ad
575 4698 641 4736 ann.
661 4683 748 4745 1014,
761 4687 791 4733 et
805 4675 913 4750 corrige
928 4695 1059 4734 numeros
1073 4698 1157 4755 supra
1172 4678 1200 4736 in
1221 4680 1294 4737 notis
1308 4681 1344 4736 ad
1360 4697 1426 4735 anu.
1444 4682 1532 4745 1031,
1553 4675 1601 4732 ubi
1616 4674 1726 4734 numeri
1742 4679 1817 4732 tols
1839 4669 1954 4749 legendi

366 4786 435 4830 sunt
458 4794 508 4850 pro
523 4780 598 4833 1000
609 4787 639 4833 et
657 4779 743 4833 1020.
769 4772 847 4831 Idem
857 4791 936 4830 error
949 4771 1133 4847 corrigendus
1147 4785 1189 4831 est
1202 4793 1287 4851 supra
1300 4774 1328 4831 in
1343 4773 1529 4833 sotadeum
1544 4776 1639 4830 1010ι
