4446 6000
688 538 1124 606 nnuorfflouos
1166 538 1244 602 ao
1281 539 1402 605 sne.
1425 539 1563 607 r111.
1629 552 1632 572 ²
1776 520 1876 630 175

299 726 386 782 arnbo
401 736 502 799 nempe
522 722 685 779 adannum·
694 741 756 780 aerae
777 721 937 779 communis
949 724 1019 789 789,
1043 739 1064 776 a
1082 721 1183 795 quibus
1198 720 1313 777 minime
1328 721 1529 781 discedendum
1545 722 1715 785 existimari.
1757 726 1837 786 Obiit
1850 730 1879 788 V

300 825 366 882 Kal.
381 825 454 882 Dee.
465 826 548 901 eique
562 827 706 882 Arnonem
723 827 866 882 Abbatem
889 824 1060 880 Elonensem
1073 823 1252 894 successisse,
1274 836 1356 899 putet
1367 845 1408 884 ex.
1420 827 1546 884 Metrico
1560 828 1659 888 Indica
1674 831 1881 907 Episcopemur

299 930 774 1006 Saltaburgeusium.antiquissimo,
789 919 867 985 edite
877 946 896 983 a
910 927 1093 984 Mabillouio.
1106 929 1149 998 (l)

338 1033 398 1100 Qui
411 1033 631 1110 plur-acupiuut
652 1033 688 1088 do
702 1032 765 1106 ejus
786 1031 979 1088 controversie
996 1048 1063 1086 cunr
1084 1030 1241 1101 Bonifacio,
1267 1032 1381 1091 videant
1404 1035 1501 1092 Vitam
1524 1036 1584 1110 ejus
1604 1043 1744 1094 vorsum
1767 1037 1875 1097 editam

297 1136 449 1206 a=Conieio,
474 1147 503 1193 et
528 1139 605 1193 Acte
632 1134 883 1192 Benedictinorum
909 1134 1034 1201 Temno,
1053 1143 1084 1190 et
1104 1134 1258 1191 conferant
1275 1138 1459 1206 Aventinum,
1486 1149 1516 1195 et
1536 1139 1696 1206 Velserurm
1721 1139 1881 1217 Scriptores

297 1241 431 1298 ffisteriae
444 1238 592 1313 Bejoariae,
606 1257 673 1295 cum
693 1236 801 1292 Natale
810 1235 995 1304 Alexandro,
1012 1248 1041 1293 et
1065 1256 1130 1294 cum
1144 1239 1214 1294 Vite
1227 1249 1341 1296 vetusto
1352 1240 1491 1298 Bonifucii
1505 1242 1582 1317 apud
1597 1241 1712 1298 Surium
1723 1247 1789 1311 ab,
1800 1241 1846 1300 die
1859 1247 1879 1300 5

294 1345 383 1414 Junii,
399 1344 522 1418 itemque
535 1361 598 1399 cum
609 1342 709 1398 libros
725 1340 857 1396 Historiae
871 1339 1047 1412 bloguutinae
1060 1339 1239 1396 eruditissimi
1256 1339 1383 1397 Serrarii.
1417 1342 1461 1398 Ex
1476 1344 1577 1418 quibus
1591 1344 1723 1401 omnibus
1739 1344 1881 1404 monituri

295 1449 396 1507 erroris
409 1445 587 1505 convincitur
603 1443 761 1500 Historicus
779 1443 880 1500 Gallus
895 1440 1025 1510 Faucltet,
1047 1442 1095 1517 qui
1110 1442 1269 1517 Virgilium,
1279 1443 1361 1516 jussu
1376 1445 1520 1501 Pontificis
1531 1446 1685 1516 Zachariae,
1697 1449 1734 1503 ab
1749 1446 1879 1505 Odileue

297 1554 379 1610 Duce
401 1550 549 1624 Bajoariae,
570 1568 586 1604 e
610 1547 677 1604 sede
693 1546 855 1622 Episcopali
871 1546 995 1618 ejectum
1008 1545 1091 1602 luisse
1103 1547 1262 1603 somniavit.
1314 1547 1448 1622 Sepultus
1469 1560 1511 1606 est
1526 1550 1555 1605 in
1569 1550 1692 1608 Basilica
1715 1550 1743 1608 S.
1760 1551 1837 1610 Petri
1858 1570 1878 1610 a

290 1656 382 1733 seipso
395 1663 536 1721 extructa,
550 1652 606 1708 hoc
616 1651 738 1707 donatus
752 1648 914 1724 Epitaphio,
929 1648 1006 1705 edito
1018 1649 1046 1705 in
1060 1658 1165 1706 ternod
1181 1650 1393 1708 rinelectorum.

368 1781 415 1829 Hic
426 1779 506 1834 Pater,
516 1786 540 1825 et
550 1776 642 1831 Pastor,
653 1775 749 1822 humilis
760 1775 893 1837 doctusque
905 1775 1024 1832 sacerdos,
1174 1773 1195 1820 A
1207 1773 1291 1836 quibus
1303 1776 1343 1823 ille
1355 1785 1380 1823 et
1391 1787 1483 1824 amatus
1493 1785 1552 1832 erat,
1564 1777 1602 1840 pie
1615 1793 1673 1841 ques
1685 1785 1710 1824 et
1721 1780 1818 1828 eruerit.

366 1870 472 1932 Corpore
482 1867 596 1929 Virgilius
608 1874 780 1928 pauset‚quem
792 1862 925 1911 Hiberoice
936 1863 1015 1917 tellus,
1092 1860 1096 1912 ἶ
1171 1863 1270 1910 Interim
1281 1873 1307 1912 et
1316 1866 1400 1918 erexit,
1412 1867 1513 1927 pulchro
1524 1866 1654 1926 molimine,
1665 1868 1744 1914 multa

331 1980 340 2008 a
365 1959 515 2021 Dispoueule
524 1957 586 2010 Deo,
599 1964 678 2017 portes
687 1953 774 2000 direxit
785 1952 809 1999 in
822 1953 886 2007 istas,
1090 1964 1093 1972 ⁴
1168 1953 1278 2015 l'cmpla,
1290 1957 1343 2003 loco
1355 1959 1464 2018 quodam
1475 1973 1539 2004 nune
1550 1973 1604 2020 qura
1615 1967 1745 2006 cernuntur
1754 1957 1777 2005 in
1790 1956 1842 2006 iste.

366 2050 462 2112 Quique
473 2048 571 2109 regebat
582 2060 654 2092 oreos
666 2042 790 2105 proesentis
798 2042 903 2088 eulmina
914 2039 986 2095 scrlis,
1168 2042 1269 2104 iusuper
1281 2053 1305 2091 et
1316 2045 1404 2093 miseris
1417 2047 1502 2109 largus,
1515 2047 1583 2094 simul
1595 2046 1703 2095 omnibus
1714 2055 1799 2110 optus,

366 2141 450 2187 Ferme
462 2144 546 2199 quater
557 2135 632 2183 denes
642 2132 703 2181 ceris
713 2147 766 2179 cum
780 2130 890 2178 fratribus
903 2146 985 2182 annus,
1165 2129 1213 2177 Pro
1224 2147 1271 2194 quo
1283 2133 1383 2195 quisque
1394 2133 1452 2195 legis
1468 2149 1555 2189 versus,
1565 2148 1635 2181 erare
1644 2142 1772 2182 memento.

335 2253 516 2312 Glossarium
525 2249 665 2324 scripsisse
686 2246 924 2311 foraneitatem
938 2263 956 2299 a
968 2241 1119 2308 Goldusto,
1134 2241 1251 2298 innotis
1265 2245 1406 2302 advitam
1419 2246 1642 2303 &Columbaria
1688 2246 1766 2304 luter
1779 2248 1880 2305 Socios

300 2376 373 2432 quos
385 2373 482 2412 seeum
498 2372 533 2408 ex
552 2349 691 2406 llibernia
703 2348 934 2403 familiarissimos
946 2343 1056 2409 babuit,
1069 2357 1243 2401 memoratur
1255 2345 1356 2402 Dobda
1376 2348 1543 2424 Episcopus,
1558 2349 1712 2405 Hibernice
1730 2349 1878 2422 Dubtaclr,

297 2458 388 2535 quiin
402 2457 463 2530 ejus
479 2451 669 2519 blonasteriis,
683 2450 815 2527 Episcopi
830 2449 938 2514 officio,
949 2467 984 2505 eo
999 2449 1122 2514 Asbora,
1138 2448 1325 2523 persolvebat.

330 2560 420 2617 Peule
430 2557 666 2635 postlliegib'um,
679 2566 707 2610 et
717 2554 819 2622 socios,
832 2551 928 2608 floruit
937 2552 965 2607 iu
979 2551 1159 2608 Galliealtou
1171 2556 1357 2609 Astronourus
1368 2552 1549 2610 Hibernensis
1558 2552 1875 2632 Dtmgel,.cujus0pus

294 2660 553 2738 dolmaginiuuoin
565 2658 744 2716 Bibliotheca
761 2658 886 2719 Petrum,
909 2667 943 2710 et.
952 2653 1125 2727 Epistolood
1135 2654 1264 2712 Ceruium
1280 2655 1426 2732 Magnum,
1440 2656 1475 2712 de
1489 2656 1562 2714 Solis
1577 2657 1710 2733 deliquiis
1724 2658 1789 2715 anni
1805 2663 1875 2729 sto,

296 2772 325 2827 iu
339 2765 530 2824 D’Acberiuut'
545 2762 684 2838 spicilegii
701 2773 779 2816 tome
794 2781 812 2815 x
826 2759 943 2833 vulgata
956 2758 1086 2815 habetur.
1118 2761 1213 2833 Hujus
1228 2762 1362 2836 Epistulae
1375 2762 1488 2818 occasio
1502 2761 1567 2829 suit,
1581 2763 1668 2838 quod,
1683 2781 1748 2820 cum
1766 2763 1875 2841 duplex

295 2871 447 2930 recidisset
458 2868 524 2924 solis
541 2866 678 2933 detectus,
691 2866 734 2935 (2)
757 2864 819 2919 llex
832 2861 952 2918 Carolus
964 2862 1107 2919 Hibeuriae
1121 2863 1307 2940 Philosophus,
1318 2867 1358 2922 ite
1368 2868 1404 2922 ab
1420 2867 1521 2925 Errico
1535 2866 1767 2924 norisiodorense
1780 2867 1878 2943 appel·

296 2976 380 3045 latos,
393 2974 430 3030 de
443 2989 474 3029 re
487 2983 544 3029 tarn
558 2968 676 3026 insolita·
684 2966 872 3024 wusuleudos
884 2967 1038 3036 eeumerit,
1053 2979 1087 3024 et.
1102 2969 1175 3025 inter
1193 2969 1272 3037 elios,
1286 2969 1458 3046 Dungolum,
1475 2971 1505 3026 in
1528 2970 1683 3027 Parisieuse
1703 2970 1732 3026 S.
1745 2970 1873 3048 Dionydi

297 3078 479 3137 blonssten'e
500 3075 641 3150 insignem·
662 3072 813 3138 reclusum,
828 3070 899 3146 quid
915 3088 1000 3144 super
1022 3071 1076 3128 bac
1097 3091 1128 3127 re
1151 3072 1328 3129 sentiendum
1356 3073 1609 3148 interrogantem)
1642 3073 1789 3132 Emditaru
1817 3092 1880 3133 erse

295 3177 657 3257 Duogoli-msponsieuem,
672 3175 721 3232 sed
733 3186 1018 3250 pammaccuratum,
1033 3175 1158 3232 Ismaelis
1171 3176 1299 3232 Buliardi
1315 3176 1444 3252 Epistola
1457 3179 1499 3234 ad
1509 3175 1708 3248 D'Acberium,
1723 3179 1751 3235 iu
1771 3178 1876 3238 Preto-

296 3280 756 3359 tionetomixflpicilegiireluts,
777 3279 963 3336 demonstrat.
998 3279 1074 3336 Illud
1103 3292 1202 3338 autem
1220 3281 1257 3338 de
1282 3293 1375 3351 certo,
1400 3301 1438 3339 ex
1461 3283 1516 3338 ista
1540 3282 1677 3360 Epistola,
1700 3284 1877 3344 ctaredlctis

295 3393 333 3450 de
357 3388 476 3464 Wrgilio
496 3388 656 3455 conficitur,
685 3387 887 3462 [quod‘unum
903 3385 1049 3463 proposui]
1074 3387 1250 3456 studiaiste,
1273 3386 1468 3444 saeculonll
1496 3389 1533 3444 ab
1554 3387 1876 3465 Hibernismagnopere

294 3495 421 3564 exculte,
445 3496 518 3551 intur
530 3491 640 3567 Septem
649 3496 736 3548 Artos
745 3489 893 3559 Libernlts,
913 3494 949 3547 ab
962 3491 1060 3548 iisdem
1074 3491 1185 3550 edoceri
1199 3491 1307 3560 solitas,
1321 3508 1381 3547 esse
1390 3489 1739 3547 recensenda-Viventis
1750 3490 1877 3567 Duugeli

295 3598 428 3674 elogium,
455 3618 473 3655 a
503 3596 628 3672 quodam
648 3595 728 3652 istius
748 3595 799 3651 aevi
820 3597 911 3653 Poeta
930 3595 1113 3671 descriptum,
1143 3616 1179 3653 ex
1202 3596 1303 3653 codice
1323 3607 1435 3652 vetuste
1459 3593 1646 3651 bibliothecen
1664 3591 1875 3664 Ottebenieuoe,

294 3701 388 3756 edidit
397 3701 547 3764 Mabillou,
560 3701 638 3755 unde
649 3699 778 3754 subolem
792 3700 896 3754 rexisse
917 3709 1029 3755 constat
1043 3718 1149 3755 anuum
1165 3700 1282 3756 circiter
1295 3704 1362 3755 820.
1373 3698 1419 3768 (4)

335 3802 443 3856 Extant
456 3801 584 3874 quiedam
601 3800 735 3874 Epistolae
754 3799 882 3871 ejusdem
895 3801 931 3856 arl
955 3802 1113 3857 Alcuiuum
1126 3801 1220 3868 odiro,
1229 3803 1271 3872 (5)
1292 3802 1320 3855 in
1336 3799 1441 3873 quibus
1454 3817 1484 3853 se
1505 3797 1533 3853 in
1556 3795 1654 3852 Gallia
1666 3797 1874 3872 Alienigenarn,

294 3915 324 3962 et
333 3960 337 3969 ,
346 3903 530 3977 Peregrinum
544 3903 679 3978 appellat,
704 3903 780 3978 quod
804 3915 833 3959 et
858 3920 961 3960 nomeu
986 3903 1173 3960 Iliberuicum
1186 3901 1319 3976 Duogot,
1338 3902 1366 3956 in
1391 3901 1494 3955 uostris
1516 3899 1675 3956 Annalibus
1689 3901 1788 3956 eedem
1813 3918 1873 3958 aeso

295 3989 610 4086 saepiusmemoretum,
632 4006 779 4062 manifeste
800 4007 959 4064 coufirmat.
991 4013 1011 4040 ‘⁸
1034 4007 1241 4065 ilibernensem
1262 4007 1345 4063 luisse
1360 4005 1537 4078 Dougallum
1560 4006 1656 4070 istum,
1679 4008 1725 4078 qui
1741 4004 1874 4064 laudatur

197 4191 201 4196 Α
294 4124 314 4151 “
336 4113 548 4178 aBellermino,
565 4110 702 4183 Duplum,
712 4110 816 4176 Cnseo,
825 4110 945 4184 aliisque
960 4111 1092 4167 llisterioe
1106 4112 1250 4168 Literariae
1265 4108 1455 4175 Auctoribus,
1470 4108 1518 4181 qui
1531 4108 1584 4163 suit
1596 4107 1757 4165 Monachus
1778 4109 1806 4167 iu
1818 4112 1874 4169 Pa·

295 4229 315 4255 ‘⁴
337 4221 456 4279 risiense·
474 4218 502 4273 S.
518 4215 647 4291 Dionysii
662 4214 807 4282 Caerrobie,
828 4213 983 4288 ediditque,
1010 4233 1115 4270 aunum
1137 4213 1249 4270 circiter
1263 4215 1332 4279 827,
1354 4211 1471 4266 Librum
1493 4211 1718 4286 Responsionum
1738 4216 1870 4277 adversus

299 4386 1863 4413 ‘amu—Q

310 4517 354 4579 (1)
373 4519 486 4566 Analecta
498 4526 516 4563 t.
528 4520 551 4568 4,
569 4530 625 4576 pag.
639 4515 695 4566 515,
717 4528 746 4559 cx
767 4512 857 4558 Codice
870 4509 1045 4573 Retispouense
1056 4508 1081 4558 S.
1089 4507 1256 4556 Emmmmmi
1268 4524 1283 4554 a
1293 4507 1418 4572 iungentia
1426 4507 1707 4559 Auubermato-ltem
1717 4510 1806 4559 tonet.
1815 4519 1833 4559 t.
1843 4515 1868 4568 2,

312 4596 329 4643 l.
340 4600 381 4650 90,
391 4612 415 4657 p.
428 4598 467 4644 51.
481 4593 701 4642 ActuBeuedictiu.
713 4592 741 4639 T.
749 4597 772 4647 4,
790 4608 814 4654 p.
823 4595 880 4638 310.

312 4674 356 4736 (1)
372 4677 416 4720 Art
427 4675 454 4720 do
468 4674 519 4720 Ver.
533 4675 565 4719 les
578 4673 658 4724 Datos,
671 4682 688 4718 t.
703 4678 724 4725 1,
735 4672 881 4734 Cluouelog.
893 4675 935 4719 dos
948 4671 1058 4730 Belipses
1069 4685 1108 4716 eu.
1121 4673 1177 4717 810.

309 4754 352 4816 (3)
371 4753 485 4799 Mobillon
495 4751 585 4798 Annal.
598 4762 615 4798 t.
627 4756 649 4805 1,
662 4751 678 4797 1.
692 4757 731 4805 07,
744 4768 767 4797 υ.
777 4756 816 4806 89,
828 4768 853 4813 p.
864 4755 920 4805 393,
934 4752 949 4798 l.
959 4755 1003 4804 30,
1015 4765 1038 4796 u.
1051 4752 1075 4804 3,
1088 4766 1112 4810 p.
1121 4754 1178 4803 509,
1189 4749 1333 4796 Bibliotheca
1346 4747 1442 4794 Petrum
1451 4744 1518 4792 Paris
1529 4752 1548 4792 t.
1560 4749 1583 4800 2,
1595 4759 1620 4805 p.
1632 4748 1689 4792 900.
1708 4744 1794 4811 Flcury
1805 4748 1871 4802 Hirr.

287 4851 291 4862 ’
312 4834 380 4882 Eccl.
393 4834 454 4886 l.47,
466 4847 490 4877 n.
499 4836 539 4885 st,
550 4839 576 4876 et
587 4831 705 4879 Mobilleu
717 4833 786 4879 Prael.
799 4833 829 4879 ad
840 4834 898 4880 Saec.
912 4832 944 4887 iv,
956 4831 1109 4880 Benedictio.
1121 4846 1144 4877 n.
1157 4834 1198 4878 39.
1264 4829 1307 4892 (4)
1327 4827 1448 4873 Mobillon.
1460 4825 1548 4871 Aaou.
1560 4830 1584 4880 2,
1597 4839 1619 4885 p.
1629 4829 1686 4880 716,
1697 4841 1720 4874 v.
1732 4829 1772 4875 19.

315 4912 359 4980 (5)
377 4914 472 4962 Alcuim'
483 4910 564 4973 Opera
575 4910 641 4958 edita
652 4927 695 4977 per
706 4912 829 4962 Andrean
841 4914 873 4961 du
884 4912 979 4962 Chesne
990 4912 1032 4961 sol.
1043 4911 1118 4969 Poris,
1128 4913 1201 4960 161⁷.
1235 4908 1333 4974 Optime
1351 4914 1387 4954 cst
1395 4904 1514 4954 recemior
1523 4904 1867 4959 eunomiumne-rm.
