4446 6000
316 523 416 623 tue
676 547 1115 614 annonarronas
1157 550 1232 613 sn
1270 550 1547 617 smnvrn.

313 757 371 797 non
397 753 491 813 parre
512 730 592 792 molis
613 730 737 789 indicare
752 730 934 789 manifestum
952 727 1136 787 est-Brace
1154 730 1233 805 grani
1254 731 1361 808 species
1380 743 1452 800 erat,
1478 754 1517 791 ex
1543 751 1602 808 quo
1627 736 1767 796 cerevisia
1786 740 1893 804 «ὠά,

312 838 407 906 batur,
429 836 598 895 testantibus
616 832 787 910 Egirrberde,
813 842 843 890 et
855 833 906 890 Du
918 830 1021 909 Gange,
1042 835 1089 909 qui
1113 834 1150 890 sd
1164 834 1223 891 baec
1244 835 1306 912 ipsa
1326 836 1408 894 Jonae
1421 839 1519 906 verbs,
1531 836 1561 894 in
1583 837 1733 897 Glossario
1752 844 1895 920 oppam,

311 943 430 1010 Probus,
448 939 553 998 saeculo
563 956 593 1007 x,
615 956 700 996 naves
720 937 907 995 Mercantiles
932 937 1125 993 Hibernorum
1142 955 1161 994 a
1183 937 1297 996 Bellicis
1318 941 1526 1015 distinguit-‘⁴
1548 941 1781 1024 intumescebant
1809 947 1891 1007 ult„

315 1049 335 1082 ‘⁴
356 1045 472 1102 modum
487 1041 590 1100 fluctus
606 1041 700 1110 maris,
714 1040 897 1117 prohibentes
911 1058 992 1097 naves
1005 1040 1125 1108 bellicas,
1149 1059 1185 1097 ne
1203 1041 1240 1096 ad
1259 1042 1383 1099 invicem
1395 1045 1545 1101 convenire
1559 1044 1743 1120 potuissent.”
1755 1050 1803 1119 (1)
1845 1047 1892 1110 ffi

313 1151 401 1209 etiarn
414 1147 541 1205 Annales
563 1147 661 1204 classes
682 1165 721 1204 ex
744 1145 890 1212 Hibernia,
918 1143 1113 1220 expeditiones
1126 1144 1328 1201 transmarinas
1341 1146 1538 1221 suscipientes,
1568 1159 1598 1207 et
1612 1152 1890 1230 Albaaiameunes,

315 1272 350 1312 ac
363 1250 523 1319 redeuntes,
544 1247 688 1323 naufragia
704 1247 800 1316 etiarn,
819 1261 850 1305 et
873 1247 1078 1306 decertationes
1101 1247 1267 1316 maritimrs,
1287 1258 1318 1306 et
1336 1251 1427 1307 varias
1444 1252 1603 1310 Doctorum
1624 1253 1654 1310 iu
1678 1256 1894 1334 amnnnqm

314 1353 513 1434 P¹⁰s⁸⁰¹l⁰¹¹0³r
541 1352 692 1429 ⁵²³lli⁵³l¹¹¹e
716 1361 879 1420 ‘numnis
893 1350 941 1422 (2)
957 1369 1051 1426 neque
1077 1360 1170 1426 potest
1193 1351 1348 1410 decorum
1368 1354 1524 1412 veracitate
1541 1356 1660 1414 dubium
1679 1358 1794 1427 morin,
1820 1374 1896 1424 eun*

316 1457 431 1515 Tacitus
443 1457 502 1533 ipse
516 1454 693 1523 Hiberniam,
708 1454 752 1511 his
766 1454 856 1511 verbis
870 1454 1005 1530 graphice
1019 1454 1220 1511 describat—“
1243 1455 1368 1530 lagenis,
1392 1458 1546 1535 cultusque
1563 1458 1712 1520 bominum
1723 1460 1802 1520 bend
1813 1460 1892 1520 nul·
1980 1449 1985 1458 ⁸

315 1565 335 1595 “
357 1569 418 1617 tum
432 1579 451 1617 a
465 1557 613 1616 Britannia
625 1559 768 1627 differunt,
790 1558 889 1615 melius
900 1558 1005 1628 aditus,
1019 1566 1173 1634 portusque
1187 1578 1237 1634 per
1251 1562 1434 1629 commercia,
1449 1572 1478 1620 et
1492 1564 1684 1639 negotiatores
1696 1563 1831 1640 rogoin*
1841 1566 1892 1640 (8)

315 1668 384 1725 Post
403 1664 548 1732 Taciturn,
561 1662 723 1720 Ptolomeus
741 1660 944 1718 Alerendrimrs
957 1678 1014 1717 non
1027 1660 1118 1718 solum
1133 1679 1183 1753 ora
1197 1663 1352 1741 meritima,
1379 1684 1480 1723 verum
1501 1680 1531 1725 et
1552 1667 1682 1727 civitates
1704 1668 1844 1739 internas,
1861 1676 1893 1727 st

314 1771 441 1838 flumina,
459 1780 489 1824 et
509 1769 599 1836 lacus,
617 1768 690 1825 miro
708 1765 839 1823 acumine
861 1765 1015 1840 distinguit,
1039 1775 1068 1822 et
1091 1764 1193 1822 Senam
1216 1765 1294 1823 fluvii
1308 1786 1422 1837 nornen,
1436 1780 1542 1839 ortum,
1556 1782 1587 1830 et
1598 1789 1725 1840 cursum,
1746 1773 1891 1848 perinsus

317 1871 535 1930 mediterraneas
548 1870 651 1927 lnsulae
665 1869 801 1946 regiones,
824 1878 882 1926 tam
896 1881 1030 1927 accurate
1043 1869 1188 1938 describit,
1212 1878 1245 1927 ut
1259 1888 1315 1927 non
1329 1871 1382 1928 nisi
1396 1876 1433 1930 ab
1457 1874 1491 1930 iis
1511 1874 1725 1943 mercatoribus,
1745 1892 1817 1949 quos
1829 1893 1891 1933 me·

314 1983 408 2030 morat
419 1973 546 2042 Tacitus,
559 1972 608 2048 qui
621 1992 677 2030 non
691 1972 782 2030 solum
796 1991 870 2039 oras,
884 1991 980 2029 verum
993 1974 1078 2030 etism
1091 1973 1219 2030 civitates
1233 1973 1372 2044 internas,
1383 1976 1521 2033 diuturno
1532 1993 1596 2043 inu,
1606 1986 1637 2033 et
1651 1974 1810 2050 frequentia
1821 1992 1889 2054 nog-

317 2079 481 2146 noscebant,
502 2077 556 2134 ista
580 2076 748 2144 describere,
776 2076 818 2133 vel
834 2075 989 2150 intelligere
1003 2077 1150 2152 potuisset,
1170 2088 1202 2133 ut
1223 2076 1302 2145 alibi,
1323 2089 1352 2135 et
1374 2098 1412 2137 cx
1427 2079 1566 2147 instituto,
1586 2079 1653 2136 sutis
1671 2095 1812 2152 superque
1835 2079 1889 2137 de-
1995 2123 1998 2127 ·

317 2178 479 2236 monstravi.
492 2177 540 2251 (4)
584 2177 693 2234 Eadem
712 2177 916 2237 confirmantur
929 2181 966 2237 ab
979 2179 1051 2249 aliis,
1071 2181 1205 2256 aquibus
1224 2182 1423 2239 enumerandis
1437 2182 1574 2250 abstineo,
1592 2180 1663 2239 illud
1674 2179 1767 2238 solum
1786 2188 1889 2238 nouas

314 2282 577 2359 impraesentiarum,
591 2280 737 2339 Gireldunr
751 2283 843 2359 ipsum
868 2302 924 2340 non
946 2286 1068 2342 obscura
1087 2283 1123 2340 de
1136 2283 1329 2342 Hibemorum
1352 2285 1532 2344 commerciis
1548 2284 1654 2343 indicia
1670 2284 1816 2354 exhibere,
1838 2283 1890 2342 ubi

315 2385 470 2463 inquit—“
483 2386 529 2443 Ad
544 2386 686 2444 Hibernos
701 2386 855 2444 Pictaviam
871 2387 976 2462 copiose
1000 2387 1064 2444 vlna
1087 2387 1283 2458 transmisisse,
1308 2387 1393 2463 eique
1411 2386 1579 2448 animalium
1592 2388 1681 2466 coria,
1695 2397 1725 2445 et
1736 2389 1891 2466 pecudum,

315 2493 336 2521 “
358 2489 537 2564 ferarumque
548 2497 671 2566 tergora,
687 2489 822 2547 Hibernia
839 2507 895 2545 nou
909 2489 1173 2564 ingrataremittit.''
1194 2490 1243 2560 (5)

361 2592 429 2647 Non
441 2592 537 2664 ignoro
549 2592 578 2648 in
590 2611 643 2648 usu
658 2592 742 2648 fuisse
754 2594 831 2666 apud
847 2591 1000 2660 Hibernos,
1012 2591 1167 2667 aliquando
1182 2592 1210 2648 in
1223 2589 1337 2665 Scopbr'r
1346 2589 1468 2646 unane&
1477 2586 1620 2664 navigare,
1627 2590 1719 2648 crudo
1728 2591 1809 2648 corio
1821 2608 1892 2650 ceu·

320 2691 411 2761 tectis,
433 2693 565 2767 qualibus
583 2712 672 2769 usque
686 2694 770 2750 hodie
793 2694 821 2750 in
840 2695 895 2752 oris
916 2694 1059 2753 Hiberniae
1079 2694 1318 2754 occidentalibus
1336 2701 1466 2752 utuntur.
1520 2690 1622 2748 Gildes
1639 2693 1674 2750 de
1698 2692 1893 2756 Hiberueruut

316 2900 359 2956 cir
378 2900 548 2975 [Hibernice
562 2900 691 2977 Cernen]
712 2903 814 2980 quibus
835 2912 901 2961 sunt
915 2915 992 2961 trans
1013 2902 1176 2982 Scythicam
1199 2901 1301 2959 vallem
1316 2899 1421 2968 evecti,
1435 2898 1502 2956 tetri
1516 2897 1679 2970 Scotorum,
1691 2899 1893 2978 Pteromaqus

314 3003 428 3080 Gregcs.
441 3002 486 3079 (6)
504 3004 670 3065 Claudiam
682 3009 757 3066 inter
770 3009 932 3068 Stilichonis
946 3010 1054 3077 lauder,
1076 3027 1133 3065 non
1147 3005 1293 3064 minimam
1305 3004 1454 3071 decantat,
1474 3001 1551 3078 quod
1560 3001 1704 3061 Hibernos
1716 3003 1891 3064 Britanniam

314 3115 455 3179 vastantes
466 3108 614 3186 fugaverit,
636 3116 654 3147 ‘⁴
672 3114 775 3171 Totum
789 3133 857 3171 curn
878 3114 981 3171 Scotus
993 3110 1098 3170 lernen
1117 3108 1295 3177 movit-Et
1308 3106 1412 3164 infesto
1426 3105 1568 3182 spumavit
1578 3104 1680 3181 ronige
1697 3104 1835 3184 Tethys.''
1844 3109 1892 3181 (7)

316 3211 462 3271 Consceis
475 3215 590 3290 navigiis
601 3235 667 3273 usos
682 3215 766 3274 fuisse
781 3217 940 3283 Britannos,
955 3216 1072 3273 tradunt
1082 3215 1185 3283 Cesar,
1199 3214 1247 3284 (8)
1270 3209 1388 3279 Plinius,
1404 3211 1453 3282 (9)
1468 3208 1716 3279 Festusmvienus,
1725 3208 1791 3284 (10)
1806 3209 1893 3287 idque

313 3313 349 3370 de
355 3314 475 3374 Saxonis
486 3317 573 3375 tradit
586 3318 760 3390 Sidonius,(l
770 3321 800 3391 1)
814 3338 907 3394 neque
919 3318 1029 3376 diversa
1038 3316 1123 3375 fuisse
1136 3317 1249 3374 videtur
1257 3314 1379 3391 Cymbe,
1390 3314 1421 3371 in
1433 3333 1500 3389 qus,
1509 3320 1567 3372 tres
1581 3310 1711 3382 Hiberui,
1725 3312 1891 3392 Dunsteasr,

317 3414 488 3488 Mecbrtlres,
500 3432 531 3477 et
543 3420 612 3478 Mac
624 3420 801 3490 Gulnnrncnr,
817 3420 1082 3501 Artibrsfrondenr,
1096 3421 1181 3477 litero
1193 3419 1300 3487 doctum
1315 3415 1458 3492 Magister
1472 3415 1589 3491 iurign'r
1599 3413 1753 3484 Senem,
1766 3416 1831 3488 (12)
1853 3433 1891 3475 ex

318 3517 465 3592 Hibernia,
476 3523 512 3579 ad
521 3523 626 3599 Regem
638 3522 799 3592 Allredum,
813 3523 975 3581 Solitariam
987 3524 1266 3593 vitam,aDanorum
1275 3520 1480 3580 vastetionibus
1489 3519 1617 3588 liberare,
1626 3517 1748 3592 rebeju
1759 3515 1891 3592 auspiciis

335 3810 370 3859 (1)
388 3810 476 3859 Probus
483 3813 514 3859 de
523 3812 580 3859 Vita
592 3811 656 3860 Patr.
667 3830 689 3862 c.
698 3817 737 3870 38,
750 3814 774 3862 in
782 3815 854 3862 Triad
865 3831 888 3879 p.
898 3821 939 3872 61,
948 3817 1041 3879 scripsit
1051 3831 1115 3864 nuno
1125 3818 1183 3869 920,
1193 3813 1218 3860 in
1231 3811 1355 3860 Hibernia.
1393 3809 1456 3857 vide
1467 3808 1597 3858 Barbetium
1607 3807 1633 3857 in
1650 3807 1712 3857 notis
1721 3807 1753 3856 sd
1765 3805 1892 3871 Martyrol.

331 3892 362 3934 17
374 3888 464 3946 Martii,
476 3900 501 3939 et
513 3891 589 3940 Ursen-
602 3908 627 3954 p.
638 3897 695 3948 812,
712 3898 769 3950 etv,
785 3911 840 3943 cnm
849 3896 951 3960 Golgsni
962 3898 1025 3945 notis
1035 3897 1059 3944 in
1068 3896 1155 3944 Triade
1167 3911 1222 3958 psg·
1230 3897 1264 3943 64
1275 3899 1325 3939 nui·
1338 3891 1381 3938 ult·

335 3973 370 4018 tn
388 3973 473 4019 Arinal.
489 3972 566 4020 Ultori.
579 3989 634 4020 ann.
644 3977 700 4028 697,
712 3978 769 4030 718,
781 3985 805 4022 et
816 3987 885 4023 notas
893 3977 951 4025 ibid.

332 4047 367 4096 (3)
384 4049 462 4099 lltclti
473 4053 504 4100 de
516 4052 572 4100 Vita
583 4050 701 4116 Agricolas
711 4054 771 4103 edit.
785 4054 872 4104 Eiriuir
883 4055 994 4121 Lugduni
1004 4055 1091 4103 Bstsr.
1104 4059 1176 4109 1640,
1187 4067 1244 4118 pag.
1257 4054 1314 4101 672.

336 4125 371 4173 (tt
391 4128 505 4179 Protomae
525 4135 677 4183 Alexandrini
697 4132 851 4200 Gangrapbis
867 4151 896 4185 er
917 4135 1008 4186 Codice
1027 4133 1079 4186 MS.
1093 4132 1290 4184 Praestantissimo
1302 4129 1413 4180 Palatino
1424 4127 1484 4178 edit.
1497 4126 1583 4178 rents.
1595 4137 1620 4176 et
1628 4124 1757 4176 θῆκαι).
1769 4125 1802 4173 ds
1809 4119 1891 4186 Mic·

337 4202 491 4254 Ethnioorum
499 4210 622 4260 Hibernia
633 4215 685 4264 MS.
699 4217 722 4263 in
731 4218 851 4265 stonense·

338 4281 371 4332 (51
390 4283 485 4331 Girrldi
499 4287 601 4351 Topogr.
619 4292 677 4340 Hib.
687 4294 749 4343 Dist.
763 4302 785 4353 1,
798 4312 819 4346 o.
832 4300 856 4354 ³,
868 4298 932 4361 sputl
938 4296 1048 4347 Gratiun.
1065 4294 1167 4345 lucium
1178 4307 1232 4358 pag·
1247 4295 1303 4342 trs

338 4363 383 4424 (6)
401 4363 477 4411 Gildoe
487 4365 518 4411 de
530 4366 631 4416 Excidio
643 4372 701 4420 edit.
713 4375 784 4429 Gule,
795 4377 873 4432 Oion,
884 4379 926 4427 sol,
937 4383 1008 4429 1691.
1020 4382 1038 4407 “
1050 4377 1120 4424 Mure
1129 4373 1286 4424 Hibernleum
1297 4369 1353 4420 olltn
1367 4368 1440 4418 Vallis
1448 4364 1683 4431 wimodiorum!
1723 4359 1810 4410 Wfi
1820 4356 1891 4408 ”⁸¹⁶

335 4441 448 4492 Clausum
460 4443 476 4491 l.
489 4447 512 4498 2,
524 4460 545 4492 c.
556 4450 577 4500 1,
590 4461 612 4508 p.
627 4453 697 4497 1277.
710 4451 787 4499 Loud.
800 4458 872 4503 1726.
1012 4456 1056 4520 (7)
1074 4451 1229 4505 claudiarrde
1241 4451 1318 4500 Laud.
1327 4451 1402 4500 stitia.
1415 4451 1432 4497 l.
1444 4453 1469 4498 2.

336 4523 384 4584 (8)
402 4524 479 4572 Gerar
488 4526 519 4573 de
531 4525 586 4574 Bel.
597 4524 678 4584 Civili,
690 4530 706 4576 l.
718 4535 741 4587 1,
753 4546 774 4578 c.
784 4533 824 4579 54.
954 4535 998 4597 (9)
1016 4535 1080 4586 Ptin.
1090 4536 1108 4585 l.
1119 4539 1174 4594 m.
1184 4537 1226 4589 16,
1234 4531 1284 4588 ·1.7,
1295 4547 1317 4580 c.
1327 4532 1368 4582 55.
1383 4529 1445 4580 edit.
1457 4526 1578 4580 florens

336 4607 386 4661 (10)
404 4607 485 4653 Anien.
493 4607 525 4654 de
536 4606 600 4655 Oris.
729 4609 789 4671 (11)
807 4611 885 4657 Sidon.
897 4612 976 4662 Carm.
988 4621 1013 4663 7.

338 4682 398 4748 (¹2)
416 4684 557 4738 Etlclurrdr’
568 4687 642 4737 rerba
652 4687 677 4738 in
686 4686 779 4739 'cursa
792 4690 808 4738 1.
815 4693 840 4746 4,
848 4704 870 4739 c.
878 4694 904 4738 ³.
935 4736 941 4745 ,
