4446 6000
611 539 1046 605 unnornrrouns
1088 541 1162 602 nn
1202 542 1475 607 sinemur.
1727 523 1822 616 151

256 724 276 754 ‘⁴
299 719 371 778 imon
385 716 509 794 cenrpoit
520 713 599 785 nord,
612 716 821 792 7imonfitlcill
831 717 903 783 noir,
918 734 957 790 go
974 715 1044 772 rrrtn
1061 714 1150 772 cedoib
1160 735 1242 791 geanr
1253 719 1374 793 gleinide
1387 720 1471 790 innte,
1499 720 1600 784 'r'inrort
1612 722 1703 782 credi.
1717 726 1829 784 ceriam

255 824 276 855 “
297 822 384 878 tainn.
427 820 500 878 Lens
512 819 717 877 saineamlieide
731 838 762 876 co
775 818 967 877 mbreactradrl
980 818 1039 878 ori.
1080 817 1128 875 Do
1141 820 1202 876 bert
1222 821 1351 877 cloidernl
1371 821 1589 893 eathlandlacl,
1603 843 1637 881 ro
1650 827 1743 883 niolnr
1755 829 1832 885 nsit·

255 927 275 957 ‘⁴
296 924 360 981 recl
372 925 406 981 da
419 925 499 982 moiri
512 926 564 982 air.
606 923 769 999 Aitleagtlro
782 943 817 981 ar
830 943 866 981 na
879 923 1013 981 rionnndd
1026 943 1088 980 ann.
1132 923 1230 982 Scietlr
1254 944 1285 983 co
1298 927 1463 983 mbocoidibl
1478 928 1568 1004 uirgit
1591 931 1692 1005 cengil.
1726 930 1830 1009 sange

252 1033 272 1062 “
293 1029 329 1086 da
340 1027 409 1086 nael
419 1029 533 1086 ternodi
547 1047 596 1085 oen
609 1037 740 1104 nogento
753 1027 942 1085 ‹tlt-Tanau
952 1047 982 1085 oe
994 1028 1064 1084 nael
1084 1028 1190 1086 teilcctr'
1202 1030 1303 1086 urclor
1315 1031 1387 1087 niam
1404 1032 1480 1099 raill,
1494 1036 1511 1094 7
1523 1033 1559 1088 da
1573 1034 1632 1089 coin
1644 1054 1683 1108 go
1691 1036 1828 1095 runaut

251 1136 273 1168 ‘⁴
292 1134 376 1209 ngeal
387 1133 500 1190 arccnid
511 1140 616 1201 etone,
631 1131 692 1189 Ros
703 1134 751 1207 fin
764 1132 813 1188 ced
831 1133 947 1188 commui
955 1151 990 1188 un
1005 1130 1140 1218 Slabradb
1153 1131 1182 1188 li
1190 1133 1243 1191 rin.
1282 1134 1400 1192 Arnaille
1413 1156 1444 1191 re
1464 1155 1524 1192 rnor
1536 1137 1570 1193 de
1580 1136 1670 1193 redoil
1680 1138 1761 1196 oilel’
1777 1143 1826 1212 (1)

248 1238 326 1314 -[“
348 1240 433 1296 Anno
448 1238 519 1295 XVI
543 1238 626 1312 Regis
648 1237 806 1294 Crimthani
829 1237 958 1304 Nianair,
986 1235 1036 1293 filii
1065 1237 1184 1312 Lugadii
1204 1237 1349 1306 rubricati,
1384 1257 1432 1295 seu
1456 1239 1549 1295 rubris
1571 1239 1684 1295 circulis
1706 1239 1735 1296 in
1759 1247 1833 1299 cute

251 1345 271 1374 ‘⁶
293 1341 442 1410 maculati,
460 1339 571 1398 occisus
582 1348 623 1397 est
633 1340 697 1396 Rex
711 1339 861 1415 praedictus
876 1338 1029 1409 Crimthan,
1043 1340 1072 1397 in
1087 1343 1163 1398 Arce
1176 1339 1243 1396 Dan
1258 1339 1411 1410 Crimthan,
1426 1342 1502 1417 apud
1519 1341 1606 1412 adar,
1622 1343 1706 1399 bodie
1719 1342 1764 1399 tle
1777 1343 1829 1400 titt

252 1450 272 1480 ‘⁸
293 1446 329 1523 ‘f
336 1445 443 1513 Horti,
454 1455 604 1521 postquam
623 1444 752 1524 rediisset
760 1446 797 1501 ab
811 1442 994 1518 expeditione
1009 1443 1206 1512 transmarina,
1221 1443 1395 1500 inclitissima
1408 1444 1436 1501 in
1450 1445 1567 1501 vetustis
1577 1445 1710 1514 historiis,
1720 1465 1756 1502 ex
1771 1464 1829 1521 qua

234 1552 240 1572 ¹
251 1551 272 1581 “
294 1549 391 1607 retulit
401 1549 492 1624 spolia
501 1549 632 1624 praetiosa
641 1524 1023 1623 sequentia-Gariannum
1037 1548 1167 1624 praetiose
1177 1558 1318 1604 ornatum.
1343 1537 1476 1616 Alsium,
1489 1548 1509 1605 i.
1518 1567 1542 1604 e.
1553 1549 1680 1606 tabulam
1693 1549 1830 1607 lusoriam

251 1655 271 1684 ‘⁶
292 1651 329 1709 ad
343 1652 437 1709 lusum
455 1651 692 1720 latrunculorum,
717 1651 849 1708 trecentis
864 1649 966 1707 lucidis
986 1650 1106 1724 gemmis
1125 1662 1268 1717 ornatum,
1290 1659 1319 1704 et
1340 1658 1458 1706 centum
1472 1650 1640 1708 latrunculis
1664 1652 1828 1710 lusoriis.-

248 1760 268 1791 “
289 1740 415 1825 Ianam,
425 1775 476 1813 seu
491 1755 632 1813 indusium
647 1755 769 1811 militare
782 1771 852 1810 auro
863 1753 1014 1821 intextum,
1025 1771 1092 1810 curn
1106 1752 1222 1808 fimbriis
1235 1751 1338 1808 aureis.
1370 1752 1481 1809 Retulit
1495 1752 1580 1809 etiam
1591 1753 1727 1826 gladium,
1739 1755 1831 1828 Aqui·

248 1855 268 1890 ‘⁴
288 1858 381 1916 larum
391 1869 419 1915 et
433 1857 603 1933 Serpentum
617 1858 720 1933 figuris,
735 1857 910 1933 epurissimo
921 1874 991 1913 auro
1005 1853 1146 1923 conflatis,
1160 1854 1189 1911 in
1203 1854 1287 1928 gladii
1296 1853 1431 1910 lateribus
1444 1855 1600 1931 insculptis.
1613 1855 1733 1913 Scutum
1746 1858 1830 1916 bullis

247 1965 268 1995 ‘¹
289 1963 450 2019 lucentibus
461 1965 608 2036 argenteis.
646 1961 787 2018 Lanceam
799 1961 880 2034 cujus
894 1959 994 2015 vulnus
1004 1968 1066 2015 erat
1076 1957 1295 2014 immedicabile.
1331 1957 1460 2015 Fundam
1476 1967 1533 2014 tarn
1547 1966 1613 2034 apte
1627 1960 1663 2015 ad
1678 1959 1827 2018 colliman-

247 2069 266 2099 “
287 2065 356 2122 dum
370 2063 485 2133 iactam,
497 2077 530 2121 ut
543 2083 561 2121 a
573 2070 660 2140 scopo
675 2082 821 2138 nunquam
835 2072 952 2129 erraret,
979 2074 1009 2119 et
1029 2062 1100 2118 duos
1110 2061 1203 2118 Canes
1217 2061 1359 2117 venaticos
1374 2078 1441 2117 cnm
1458 2069 1559 2117 catena
1581 2062 1671 2118 nitida
1682 2071 1825 2137 argentee,

249 2170 271 2202 “
290 2185 355 2244 quae
368 2176 484 2226 centum
498 2164 616 2222 Camiri
627 2166 749 2233 valebat,
760 2165 844 2224 simul
857 2184 924 2223 cum
939 2165 1036 2223 multis
1050 2164 1112 2221 aliis
1126 2163 1221 2239 spoliis
1231 2163 1314 2220 valde
1328 2160 1506 2238 praetiosis.”]

265 2270 332 2329 Jarn
346 2290 414 2329 vero
426 2281 553 2345 tempora
563 2266 733 2325 Crimthanni
745 2269 838 2344 Regis,
851 2288 870 2324 a
880 2267 1098 2344 Tigernaclro,et
1106 2266 1221 2336 Flunno,
1232 2277 1262 2324 et
1273 2268 1302 2323 in
1315 2277 1427 2323 vetusto
1438 2267 1545 2323 Codice
1551 2266 1773 2338 Dia-Scanclar,
1783 2271 1827 2342 (2)

246 2372 328 2430 variis
341 2372 552 2429 characteribus
565 2370 761 2437 determinata,
787 2369 869 2444 plane
893 2369 1040 2426 collimant
1054 2386 1121 2425 curn
1133 2368 1167 2424 iis
1191 2368 1293 2443 quibus
1312 2367 1340 2425 J.
1353 2367 1498 2442 Agricola,
1519 2370 1614 2444 quinto
1627 2370 1823 2444 expeditionum

247 2491 328 2541 anno,
342 2492 413 2530 nave
434 2474 528 2549 prima
549 2482 745 2547 transgressus,
767 2473 874 2546 ignotas
888 2472 923 2528 ad
937 2472 965 2529 id
981 2481 1090 2548 tempus
1109 2480 1215 2545 gentes,
1229 2470 1346 2539 crebris,
1360 2472 1491 2529 simulac
1505 2474 1644 2548 prosperis
1657 2473 1760 2549 praeliis
1774 2473 1826 2530 do-

154 2581 157 2588 '
247 2575 481 2653 munieruntque
499 2583 609 2651 partein
630 2574 784 2632 Britannia
796 2593 855 2650 qua
864 2574 1027 2631 Hiberniam
1048 2575 1158 2649 mpicit,
1171 2574 1255 2649 copiis
1273 2575 1432 2632 instruxisse
1452 2583 1595 2633 narratur.
1616 2576 1661 2646 (3)
1699 2576 1825 2644 Quintus

247 2679 323 2737 euim
337 2680 551 2755 expeditionum
561 2678 700 2752 Agricola
713 2697 803 2734 annus
814 2687 877 2734 erat
891 2678 976 2735 Urbis
989 2679 1110 2740 condite
1123 2684 1191 2747 835,
1200 2696 1264 2735 aerae
1277 2679 1609 2736 communisChristianae
1624 2685 1672 2749 31,
1687 2679 1727 2737 uti
1738 2679 1824 2755 plane

246 2793 326 2858 patet
336 2801 372 2839 ex
382 2783 456 2839 notis
467 2780 648 2851 Broterii,(4)
662 2773 691 2834 et
700 2799 737 2835 ex
747 2778 880 2854 Horsleyi
891 2781 1039 2837 Britannia
1050 2781 1189 2850 Romana,
1201 2782 1248 2838 ubi
1260 2782 1446 2851 demonstrat,
1458 2782 1598 2858 Agricolae
1607 2801 1696 2839 annos
1703 2783 1740 2839 ab
1748 2799 1824 2838 anno

246 2888 286 2946 7⁸
300 2884 335 2940 ad
350 2902 456 2941 annum
471 2890 509 2942 84
523 2884 710 2940 numerandos
723 2901 793 2950 esse,
806 2900 841 2938 ac
855 2881 973 2957 proinde
987 2883 1141 2949 Usserium,
1157 2885 1298 2940 mendosis
1309 2886 1402 2941 Taciti
1416 2885 1634 2952 editionibus,in
1644 2903 1769 2942 errorem
1779 2886 1824 2942 in·

248 2985 369 3045 ductum
387 2988 472 3045 luisse
485 2998 517 3044 ut
528 2986 611 3043 aliter
624 2986 881 3061 sentiret-Atqui
894 2985 1052 3058 Tigernach
1067 2985 1153 3042 refert
1166 2986 1277 3042 initium
1293 2986 1368 3060 regni
1381 2985 1503 3060 Lugadii
1524 2987 1608 3061 Regis
1623 2988 1768 3044 Hiberniae
1785 2989 1823 3044 ad

247 3109 354 3150 annum
368 3107 432 3147 aerae
445 3090 604 3148 communis
619 3089 652 3156 L,
666 3099 695 3145 et
707 3107 796 3145 annos
810 3088 885 3163 regni
900 3089 978 3145 xxvii
999 3089 1024 3145 ei
1049 3088 1157 3156 tribuit,
1173 3089 1259 3163 idque
1274 3088 1485 3146 characteribus
1500 3090 1646 3157 Romanis,
1661 3091 1696 3146 de
1720 3091 1821 3165 quibus

247 3197 342 3256 nullus
359 3202 402 3253 est
422 3193 582 3271 ambigendi
598 3192 687 3259 locus,
713 3192 827 3248 eosdem
841 3192 916 3249 eninr
930 3193 1008 3249 xxvii
1023 3192 1111 3267 Regni
1126 3212 1225 3260 annos,
1253 3193 1339 3267 paulo
1365 3202 1463 3269 postea
1487 3195 1597 3269 repetit,
1612 3194 1708 3252 dicens
1741 3197 1822 3255 “Ab

246 3305 267 3332 ‘⁶
287 3299 369 3357 initio
383 3299 489 3356 Mundi
512 3299 550 3355 V.
561 3296 619 3353 CC.
629 3295 755 3352 LXXlX
768 3295 855 3370 juxta
865 3294 959 3364 LXX,
983 3295 1140 3351 secundum
1160 3313 1226 3351 vero
1241 3295 1347 3352 Ebreos
1361 3295 1420 3351 llll
1433 3296 1532 3365 XXX,
1562 3300 1599 3354 ab
1629 3299 1824 3362 incarnatione

248 3409 268 3438 “
289 3423 355 3462 vero
367 3402 520 3469 LXXVII,
535 3398 636 3476 lngad
655 3398 802 3473 stronderg
821 3397 931 3455 occisus
948 3407 1001 3454 est.
1042 3399 1128 3455 Anno
1147 3410 1279 3474 sequente
1298 3398 1462 3457 Crintdnnd
1483 3402 1531 3458 nia
1543 3401 1621 3458 Ναίν
1633 3403 1820 3477 regnatannis

245 3511 265 3541 ‘⁸
288 3506 391 3565 Xlll.''
406 3504 451 3578 (5)
492 3505 567 3579 Ergo
581 3501 756 3559 Crirntlamu
769 3501 820 3558 iste
835 3502 899 3559 Rex
914 3501 1069 3572 Hibemiae,
1084 3504 1211 3578 regnavit
1224 3512 1336 3578 quarto,
1349 3515 1379 3560 et
1398 3505 1498 3580 quinto
1518 3522 1593 3561 anno
1607 3505 1822 3581 expeditionum

245 3611 397 3686 Agricolae,
420 3611 457 3666 ab
471 3612 591 3670 ann077
610 3608 646 3664 ad
660 3624 766 3663 aunum
779 3612 829 3675 90,
853 3624 922 3680 quo,
946 3618 1011 3682 post
1037 3607 1246 3683 expeditionem
1274 3607 1502 3677 transmarinam,
1525 3610 1636 3666 occisus
1664 3610 1820 3685 est—Ego

244 3714 360 3771 minime
382 3731 475 3769 assero
494 3711 571 3768 hunc
583 3710 782 3768 Crimthanum
800 3710 885 3767 fuisse
899 3709 1080 3786 Gnlgaclam,
1105 3712 1260 3788 praesertim
1283 3728 1350 3768 cum
1364 3711 1419 3767 hoc
1433 3712 1525 3768 solum
1546 3712 1721 3788 propositum
1737 3712 1823 3771 fuerit

243 3813 401 3880 ostendere,
424 3831 507 3869 usum
540 3829 677 3868 curruum
703 3810 881 3880 bellicorum,
904 3812 987 3887 longe
1009 3822 1076 3871 ante
1100 3814 1261 3870 Adamnani
1288 3824 1319 3869 et
1342 3813 1496 3869 S.Patricii
1518 3823 1655 3887 tempora,
1676 3815 1824 3871 Hibernas

246 3913 437 3989 nonpotuisse
458 3913 596 3986 ignorare.
637 3914 678 3967 At
690 3910 759 3967 illud
773 3930 825 3987 pro
839 3922 917 3968 certo
931 3913 1049 3982 affirmo,
1072 3933 1176 3972 nomen
1197 3913 1368 3988 Galgncdnm
1382 3933 1441 3970 esse
1460 3915 1544 3990 plane
1564 3913 1763 3995 Hibernicurn,
1777 3915 1826 3970 uti:

247 4023 359 4075 constat
382 4033 419 4072 ex
446 4012 604 4070 Annalibus
615 4012 995 4073 Ultoniensibusadannum
1010 4013 1079 4086 596,
1100 4013 1148 4089 (6)
1175 4027 1206 4074 et
1226 4014 1387 4073 nihilaliud
1403 4014 1557 4072 Hibernice
1573 4015 1738 4088 significare,
1766 4014 1818 4072 nisi

260 4319 304 4385 (1)
320 4319 356 4368 [v
366 4318 501 4383 Magirrror.
513 4314 621 4363 Annales
629 4315 730 4363 llibern.
741 4313 802 4362 Cod.
815 4314 869 4362 MS.
879 4314 904 4362 in
913 4315 1042 4372 stonense,
1055 4319 1097 4365 sol.
1109 4320 1164 4366 165.

257 4399 301 4463 (2)
317 4401 392 4448 Codes
405 4398 454 4445 MS.
467 4395 660 4445 membranaceus
669 4394 693 4441 in
704 4393 834 4450 stonense,
845 4412 860 4441 a
871 4395 1008 4458 quingentis
1019 4398 1087 4444 aunis
1098 4404 1215 4445 exaratus.
1238 4395 1346 4443 Diversa
1357 4400 1413 4442 suut
1427 4392 1552 4458 opiniones
1564 4398 1596 4444 de
1608 4412 1667 4447 voce
1679 4397 1811 4448 Hibernics

261 4480 368 4528 Cunbnl
393 4477 531 4525 Flaherteus
542 4491 584 4538 pro
594 4479 643 4523 300
653 4474 730 4522 vaccis
742 4474 919 4539 interpretatur,
929 4475 1007 4537 inquit
1017 4476 1132 4533 O'Brien,
1151 4492 1213 4524 voce
1223 4477 1314 4531 carnal,
1326 4489 1426 4523 erronee
1436 4490 1530 4539 ponens
1541 4479 1590 4526 300
1599 4493 1645 4544 pro
1656 4477 1739 4528 tribus.
1762 4468 1815 4545 Ego

262 4559 397 4612 Plaherteo,
408 4558 485 4605 donec
497 4556 597 4605 certiora
608 4556 700 4610 videro,
712 4555 835 4603 adhaereo.
962 4555 1005 4619 (3)
1038 4557 1115 4605 Taciti
1126 4558 1157 4604 de
1167 4556 1225 4604 turs
1237 4556 1351 4619 Agricola
1362 4555 1421 4611 ibid.

257 4636 302 4699 (4)
318 4637 420 4684 Broterir'
431 4636 504 4684 editio
516 4636 611 4685 Parisiis
621 4641 692 4691 1771,
703 4642 760 4683 torn.
771 4635 803 4690 iv,
815 4651 870 4699 pag.
882 4638 922 4690 91,
933 4642 959 4683 et
968 4635 994 4682 in
1003 4637 1145 4701 Appendice
1156 4608 1302 4700 firronulog.
1315 4636 1373 4684 ibid.
1386 4651 1441 4700 pag.
1453 4639 1510 4684 451.

260 4713 306 4781 (5)
324 4713 453 4781 tigernacb
464 4715 549 4767 Codex
559 4716 632 4767 bodl.
644 4715 782 4767 Ruwliusou
792 4717 850 4774 tua,
858 4715 900 4766 nr.
909 4718 936 4773 4,
945 4714 992 4764 col.
1002 4719 1027 4770 4.
1189 4715 1232 4783 (6)
1250 4717 1337 4769 Annal.
1351 4715 1429 4767 Ultor.
1440 4730 1496 4779 peg-
1507 4717 1549 4763 33.
