4446 6000
315 482 415 584 tat
698 511 1140 581 nuuorarrouns
1181 513 1255 579 uo
1296 513 1416 579 nnc.
1437 512 1572 578 v1rr.

314 707 393 758 tomo
407 704 438 766 3,
460 698 501 756 uti
525 704 664 756 testantur
678 696 818 755 Batonius
831 696 860 754 in
871 697 945 754 notis
962 676 999 753 ad
1021 695 1258 773 Martyrologium
1271 696 1445 772 Romhpril
1455 703 1485 765 3,
1506 693 1602 772 Yepez
1616 693 1646 752 in
1659 692 1769 757 Chron.
1780 696 1889 759 ΒΜ.

315 804 351 862 sd
364 800 491 873 ao.617,
515 813 545 862 et
565 801 664 860 Codex
681 802 850 861 Fossatensis
864 804 940 859 Vitae
959 800 1058 858 alterae
1080 802 1206 876 ejusdem
1220 802 1309 869 Fnrae,
1323 820 1407 878 quem
1420 819 1506 876 supra
1520 801 1685 858 memoravi.

357 909 437 967 lnter
445 907 614 965 celebriores
629 905 658 964 S.
672 905 843 964 Columbani
862 904 1017 981 discipulos
1030 905 1169 962 Hibernos
1179 906 1326 962 eminebat
1342 906 1448 973 Dicus'l,
1468 925 1518 962 seu
1534 904 1666 973 Deicola,
1686 904 1734 982 qui
1748 904 1890 966 Lartem·

315 1009 522 1069 blonasterium
536 1007 568 1066 S.
577 1007 701 1066 Mattiaci
714 1008 843 1066 condidit
855 1008 883 1065 in
898 1008 1074 1083 Burgundia,
1095 1008 1179 1065 hodie
1191 1008 1275 1076 Lura,
1290 1028 1375 1084 quam
1389 1009 1573 1066 donationem
1587 1008 1779 1078 Chlotharius,
1804 1010 1896 1085 Regis

314 1114 492 1184 auctoritate,
505 1111 693 1184 confirmavit.
735 1111 804 1185 Ejus
819 1112 927 1180 Vitam,
946 1110 974 1168 in
993 1111 1074 1168 Actis
1095 1111 1283 1169 Benedictinis
1297 1113 1416 1183 editam,
1436 1113 1549 1189 scripsit
1560 1112 1700 1171 saeculoX
1724 1114 1895 1189 Anonymus

318 1216 480 1284 Monachus
495 1215 645 1274 Lutrrrtat's.
691 1213 773 1273 Obiit
783 1235 820 1271 xv
829 1213 895 1271 Kal.
909 1214 975 1272 Feb.
987 1233 1064 1271 anno
1076 1210 1145 1273 625.
1186 1215 1219 1272 In
1237 1215 1411 1292 Necrologio
1435 1217 1466 1275 S.
1480 1216 1625 1286 Gallense,
1638 1218 1676 1274 ad
1688 1216 1765 1273 diem
1777 1216 1899 1292 praedic·

316 1329 389 1390 tum,
401 1321 433 1378 fit
448 1319 682 1379 commemoratio
707 1319 818 1375 Deicoli
830 1317 942 1393 fratria
964 1316 996 1376 S.
1008 1317 1096 1375 Galli.
1139 1319 1331 1395 Sepulchrum
1345 1320 1406 1393 ejus
1421 1321 1470 1397 qui
1484 1321 1579 1377 inrisit
1593 1320 1791 1388 Mobillooius,
1803 1318 1899 1396 inquit

316 1425 470 1483 Ecclesiam
485 1433 655 1482 vetustatem
671 1422 808 1498 preferre,
829 1421 860 1477 in
882 1441 941 1497 qua
963 1424 1019 1479 duo
1033 1422 1152 1498 ingentis
1166 1423 1247 1479 molis
1263 1423 1366 1480 tumuli
1381 1424 1520 1492 visuntur,
1542 1443 1616 1482 unus
1629 1425 1659 1483 S.
1675 1425 1789 1483 Deicoli
1808 1425 1894 1502 primi

313 1529 444 1596 Abbatis,
458 1529 529 1585 alter
540 1528 572 1584 B.
582 1525 747 1584 Columbini
762 1526 825 1599 ejus
846 1524 987 1602 discipuli,
1010 1535 1042 1583 et
1064 1527 1242 1595 successoris,
1268 1546 1387 1602 procera
1409 1531 1559 1586 amborum
1574 1529 1705 1604 Corpora
1728 1530 1896 1601 indicantes,

313 1633 389 1709 quod
405 1633 442 1690 de
462 1630 492 1688 S.
513 1629 628 1688 Deicolo
642 1629 729 1687 tradit
750 1630 825 1687 Virae
846 1629 967 1704 scriptor
982 1629 1144 1705 praedictus.
1157 1631 1203 1701 (1)
1257 1630 1482 1706 Distinguendus
1506 1642 1549 1689 est
1572 1631 1673 1690 Dicas'l
1687 1633 1734 1691 hic
1755 1637 1792 1693 ab
1805 1634 1897 1694 altero

315 1737 373 1815 qui,
395 1754 471 1793 nono
485 1744 611 1792 exeunte
624 1733 739 1801 saeculo,
754 1733 866 1808 scripsit
880 1733 961 1809 Opus
978 1731 1210 1808 Geographicum
1228 1733 1273 1790 De
1286 1733 1422 1794 ulmam
1434 1738 1528 1808 Orbis,
1549 1749 1581 1797 ut
1594 1739 1662 1798 alibi
1679 1739 1815 1800 indicavi.

352 1838 487 1913 Sequitur
498 1834 674 1912 sigisbertus.
685 1835 887 1893 Desertincnsis
904 1835 1068 1892 Monasterii
1080 1835 1108 1892 in
1119 1835 1211 1893 Raetia
1222 1835 1358 1895 Curieuse
1370 1840 1513 1912 conditor,
1526 1862 1610 1919 quem
1620 1841 1717 1900 Scotto
1728 1843 1895 1907 ΗΜ

314 1949 340 1998 tt
350 1938 381 1997 S.
389 1936 547 1996 Columbani
560 1938 587 1995 in
601 1939 766 1997 Buucorerrsi
778 1940 910 1997 asceteria
920 1940 1050 2015 primum,
1060 1948 1116 1996 tun
1126 1940 1156 1997 s's
1173 1939 1322 1998 Gallicana
1332 1945 1567 2020 peregrinatione,
1580 1955 1609 2003 et
1621 1947 1896 2022 animanda,

315 2043 410 2114 trudit,
425 2063 463 2101 ex
478 2041 595 2102 vetustis
607 2043 782 2101 Membrauis
797 2043 1050 2114 Desertinensibus,
1063 2044 1249 2103 hlnbillonius
1263 2047 1292 2103 in
1309 2049 1412 2107 Annal.
1426 2050 1446 2108 l.
1460 2049 1500 2118 xi,
1515 2069 1542 2108 n.
1553 2068 1605 2118 xx,
1619 2058 1680 2120 tt,
1692 2069 1722 2126 p.
1733 2058 1803 2120 310,
1815 2052 1895 2111 harri

314 2166 344 2206 n.
355 2153 383 2216 8,
397 2166 424 2224 p.
438 2146 681 2205 son-Aliorum
695 2147 844 2206 Sociorum
860 2146 976 2207 nomine
996 2148 1083 2206 rideri
1104 2128 1249 2226 poterunt,
1275 2150 1446 2209 columbani
1474 2151 1575 2210 litteris
1593 2172 1649 2229 pro
1664 2154 1799 2213 Bobiensi
1824 2157 1893 2215 Mo·

316 2250 449 2321 pseudo,
461 2250 629 2327 subscripta,
642 2252 719 2329 apud
732 2251 892 2328 Ughellun.
906 2251 1154 2324 (2)-·Poterrtinus
1167 2253 1195 2310 in
1216 2254 1363 2324 Neustria,
1388 2254 1416 2310 in
1428 2254 1601 2313 &manue
1613 2256 1733 2315 civitatis
1746 2260 1894 2331 suburbio,

314 2354 523 2415 Honesterium
538 2354 674 2426 condidit,
706 2356 747 2414 uti
768 2356 962 2426 traditionas,
982 2358 1027 2429 (3)
1048 2366 1078 2414 et
1093 2355 1278 2414 hlabillonius
1298 2355 1328 2413 in
1343 2357 1502 2415 Annalibus
1525 2359 1896 2422 adannum610.-Paulo

314 2471 377 2535 post
385 2458 446 2528 hos,
456 2458 591 2528 fiacriss,
601 2472 630 2517 et
639 2457 789 2517 Clillierus
802 2480 838 2517 ert
855 2460 992 2517 Hibernia
1000 2459 1154 2528 venientes,
1167 2479 1185 2518 a
1196 2461 1305 2518 Furnos
1321 2461 1468 2519 hleldeuse
1479 2461 1511 2518 in
1522 2464 1718 2523 suburbanum
1733 2465 1898 2544 Hospitium

314 2561 432 2637 recepti,
454 2561 569 2620 Francis
594 2562 692 2621 Fidem
706 2562 931 2639 predicaverunt
960 2571 1037 2620 anno
1051 2558 1120 2621 628.
1159 2563 1224 2621 Hos
1242 2562 1342 2620 laudat
1360 2561 1545 2650 Hildrgarisa
1557 2564 1715 2644 Episcopus
1730 2568 1897 2639 Meldeasis,

312 2664 363 2740 qui
379 2665 476 2723 Vitam
489 2665 603 2724 Faronis
610 2666 722 2742 scripsit
732 2665 886 2732 saeculoix,
904 2678 932 2724 et
942 2665 1078 2734 Falcoise
1093 2668 1183 2724 Poeta
1197 2667 1354 2726 Meldensis
1367 2669 1443 2745 spud
1460 2667 1674 2740 Mabillouium,
1694 2672 1743 2748 qui
1750 2672 1897 2749 subjungit

314 2767 470 2836 Fiscrium,
494 2771 516 2801 ‘⁴
531 2769 604 2826 inter
620 2768 789 2827 celebriores
809 2769 914 2830 Galliae
942 2770 1049 2827 nobiles
1071 2770 1195 2836 Scottos,
1225 2770 1393 2831 Oratoriurn
1408 2772 1552 2830 Bruilense
1565 2773 1737 2845 condidisse,
1751 2774 1782 2834 S.
1794 2775 1896 2833 Fiacrii

318 2876 337 2906 “
353 2871 528 2947 jamdudum
541 2873 724 2949 appellatum,
735 2893 802 2950 quo,
817 2873 864 2932 uix
879 2874 953 2932 ullus
967 2875 1040 2932 alius
1051 2875 1083 2932 in
1098 2875 1195 2933 Gallia
1211 2875 1293 2933 locas
1307 2876 1456 2945 celebrior,
1479 2888 1530 2936 aut
1540 2877 1661 2954 amplius
1675 2878 1897 2956 frequentaturos

312 2981 336 3012 “
358 2974 538 3053 peregrinisl'
550 2977 595 3050 (4)
640 2977 749 3036 Multas
761 2978 867 3055 ubique
888 2979 1050 3038 Galliarum
1066 2979 1218 3050 Ecclesiae,
1242 2988 1272 3036 et
1282 2979 1364 3055 plura
1373 2977 1511 3037 Oratoria
1520 2979 1550 3036 in
1561 2979 1663 3038 Fiacrii
1677 2981 1897 3040 honoremcon·

316 3081 387 3152 dita,
400 3078 528 3140 stallum
540 3079 622 3140 satiare
631 3081 663 3138 S.
676 3083 820 3141 Abhntem
836 3083 943 3154 Fiacra,
959 3086 1006 3160 qui
1029 3083 1181 3159 Coangdlo
1206 3082 1378 3140 Beucorensi
1392 3081 1539 3140 Visticum
1557 3080 1773 3151 administrarit,
1799 3094 1895 3169 vetru-

312 3186 424 3246 tissima
437 3195 626 3246 monumenta
649 3187 808 3257 declarant,
823 3202 853 3247 et
876 3187 1035 3266 Scriptores
1055 3188 1138 3246 Galli
1162 3188 1298 3245 latentur.
1312 3188 1356 3258 (5)
1397 3185 1494 3244 Vitam
1516 3185 1578 3260 ejus
1600 3195 1742 3245 vettutam
1755 3184 1895 3247 edidit‘ox

312 3289 424 3348 Codice
436 3289 614 3365 Trsjectensi
631 3291 786 3349 Mosander
807 3291 836 3349 in
852 3291 979 3350 Surianae
993 3291 1182 3350 collectionis
1201 3289 1331 3348 uniat
1352 3294 1392 3346 30
1406 3286 1537 3364 Augusti.
1579 3288 1650 3348 Alia
1669 3288 1776 3348 inserta
1799 3301 1843 3348 est
1860 3291 1894 3349 iat

318 3391 466 3455 Breviario
490 3392 703 3469 Burdigallense
719 3394 810 3452 citato
828 3396 869 3452 ab
891 3394 1019 3453 Usscrio.
1032 3390 1075 3466 (6)
1107 3395 1236 3453 Tertium
1254 3393 1402 3470 exunplat
1419 3392 1511 3451 edidit
1531 3392 1750 3462 Tinmutlsentis,
1768 3405 1897 3468 etquar·

321 3507 382 3557 tun
398 3496 597 3558 ldsbillouius.
649 3498 738 3555 Plura
759 3500 798 3558 tle
811 3517 859 3555 eo
879 3498 969 3556 tradit
992 3499 1040 3556 Du
1054 3497 1166 3566 Plessis,
1187 3497 1218 3554 t'n
1239 3497 1334 3574 Opere
1361 3503 1380 3530 “
1392 3497 1521 3554 Histoire
1532 3493 1568 3554 de
1580 3496 1697 3572 I'Eglt'sc
1713 3497 1750 3553 dc
1762 3494 1896 3565 Mearm*

317 3613 349 3661 et
369 3601 503 3662 Bollsudi
522 3600 736 3660 continuatores
748 3597 989 3660 sn-Ftamum
1010 3600 1126 3659 Feronia
1138 3601 1302 3669 hlehlensia,
1328 3602 1428 3678 quiex
1445 3593 1582 3659 Hibernia
1599 3579 1753 3657 venientem
1766 3600 1894 3676 excepit,

319 3706 448 3767 meminit
463 3708 552 3779 Beda,
567 3707 614 3778 (7)
632 3715 667 3766 et
685 3703 794 3765 Fiam
812 3705 991 3765 Hibernattar's
1012 3704 1176 3764 memoriam
1200 3725 1251 3782 per
1270 3725 1371 3763 omnes
1390 3706 1511 3774 Gallias,
1530 3723 1588 3782 prae
1613 3702 1719 3763 eximia
1740 3706 1845 3764 virtute
1865 3716 1900 3763 et

321 3809 522 3887 hospitalitate,
537 3829 626 3888 usque
640 3812 676 3870 sd
690 3829 743 3871 sua
757 3819 892 3888 :tempora
906 3811 1135 3879 celeberrimam,
1149 3819 1270 3868 testatur
1284 3811 1305 3867 F
1306 3809 1398 3887 leury.
1413 3813 1457 3881 (8)
1473 3809 1555 3886 Obiit
1567 3829 1643 3869 anuo
1655 3807 1724 3874 670.

358 3914 532 3987 Chillieaum,
557 3935 609 3975 seu
633 3915 791 3987 ffihauum,
805 3915 907 3975 Fracrii
928 3916 1037 3975 socium
1052 3915 1158 3992 pariter
1176 3915 1396 3983 Hibernensetn,
1418 3913 1470 3990 qui
1484 3914 1629 3973 Atrebatis
1650 3914 1755 3973 eodem
1768 3924 1896 3990 tempore

319 4018 405 4078 fidem
425 4019 599 4096 predicavit,
620 4018 747 4079 laudant
766 4020 893 4078 Annales
912 4020 1087 4078 Francorum
1098 4017 1205 4081 coistis·
1222 4029 1243 4077 t.
1255 4024 1284 4086 3,
1300 4015 1449 4096 passer
1462 4016 1641 4075 Benedictini
1660 4011 1894 4087 t1,l.12,n.6,

319 4141 348 4198 p.
359 4130 429 4191 314,
440 4124 567 4200 itemque
582 4123 854 4185 AetnBenedictina
867 4134 888 4184 t.
898 4130 928 4194 2,
941 4119 998 4201 pu
1003 4131 1050 4193 19.

361 4224 470 4285 Eodem
483 4228 754 4304 temporalitatem,
768 4234 789 4266 “
803 4230 979 4290 nobilissimo
989 4229 1018 4288 in
1029 4232 1057 4288 H
1061 4230 1170 4289 ibernia
1182 4228 1349 4288 Scottorum
1361 4245 1464 4304 genere
1473 4223 1585 4294 orttu,''
1608 4225 1709 4282 relicto
1720 4221 1809 4279 natali
1820 4216 1892 4291 solo,

314 4349 338 4390 ,tt
362 4329 518 4406 strennuo,
537 4331 733 4391 Orientalium
745 4337 892 4395 Saxonum
907 4337 994 4416 Rege,
1007 4348 1164 4411 susceptus,
1183 4348 1212 4391 et
1223 4332 1318 4392 multis
1335 4330 1484 4388 Nobilibus
1495 4328 1594 4404 Anglis
1604 4328 1641 4386 ad
1653 4327 1737 4384 tidem
1750 4323 1892 4394 adductis,

1122 4558 1127 4576 .

336 4630 349 4693 (

337 4865 349 4928 (

352 4628 380 4692 1)
399 4628 459 4679 Acta
470 4628 563 4677 Bened.
577 4636 594 4673 t.
604 4629 627 4681 t,
639 4632 664 4673 et
675 4624 781 4675 Histoire
792 4625 908 4686 Literairc
920 4629 951 4677 de
961 4630 986 4677 la
998 4631 1087 4679 Franco
1099 4640 1116 4679 t.
1125 4636 1149 4685 6,
1161 4634 1248 4693 p.410.

349 4710 378 4770 t)
396 4709 489 4774 Ughclli
500 4709 573 4758 Italis
583 4707 663 4763 Sacra,
674 4713 693 4755 t.
702 4711 727 4763 7,
738 4707 783 4756 col.
795 4709 868 4755 1³21.
933 4707 977 4770 (3)
992 4709 1091 4758 Jonasc.
1101 4715 1143 4765 90,
1153 4708 1288 4758 Collectan.
1301 4724 1324 4772 p.
1332 4710 1390 4756 134·
1454 4704 1499 4770 (4)
1516 4704 1602 4754 dunel.
1614 4702 1630 4751 l.
1642 4704 1751 4759 12‚u.⁶,
1762 4703 1852 4766 (1344.

348 4786 377 4848 5)
392 4789 539 4837 collectanea
550 4788 625 4836 Socra
637 4803 661 4852 p.
671 4792 730 4844 312,
741 4795 767 4838 et
778 4786 866 4837 annal.
877 4786 973 4836 Bened-
981 4787 1029 4836 hd.

351 4867 381 4924 6)
399 4866 515 4914 Primord.
529 4883 552 4929 p.
565 4871 622 4923 9⁴4,
631 4876 656 4915 et
668 4868 746 4918 Index
756 4865 871 4917 chronol.
880 4882 905 4931 p.
914 4866 985 4916 1165.
1049 4868 1092 4929 (7)
1113 4865 1166 4914 aaa.
1179 4868 1228 4921 nt,
1239 4881 1259 4914 c.
1273 4869 1395 4930 1,p.14‘2.

339 4942 673 5008 (amphorarum.

335 4710 347 4772 (

334 4789 346 4850 (
