4446 6000
680 536 942 601 Annaeus
973 535 1375 603 orcomenam.
1744 514 1812 605 41

241 723 312 802 fite
327 719 387 799 Dt
403 719 473 806 tit.
501 715 585 792 Kal.
598 716 623 791 J
626 740 685 790 an.
702 715 752 788 iii.
770 714 835 790 fer.
854 717 929 789 lun.
944 716 1028 789 xxi.
1081 716 1234 790 Occisio
1249 717 1394 814 generis
1413 715 1572 790 Baetain
1585 718 1620 792 ·i·
1638 719 1744 792 Ailla
1761 744 1816 795 mc

240 843 400 920 Baerain
417 866 459 915 oc
475 838 817 936 Magi-Stenchtlri
837 838 1038 927 Commota,
1059 863 1143 912 ocur
1159 840 1356 914 Moelduin
1375 865 1430 913 mc
1447 839 1621 936 Fergnm,
1650 866 1705 916 mc
1720 842 1817 916 Bae·

239 969 328 1055 rain,
348 989 435 1041 ocur
448 963 760 1037 moraFiacltraclt
777 987 834 1036 mc
852 961 1086 1057 Ciaraimfli.
1106 961 1317 1035 Aiumirecd
1347 985 1401 1034 mc
1423 962 1525 1035 Setni
1566 963 1734 1057 [Occisio
1751 989 1817 1063 ge·
1913 992 1916 999 ·

237 1089 334 1163 neris
353 1088 516 1175 Baetani,
535 1087 558 1161 i.
570 1110 600 1159 e.
620 1085 708 1159 Ailli
723 1084 787 1158 filii
808 1083 971 1170 Baetani,
989 1082 1087 1179 apud
1106 1108 1275 1181 campum
1295 1085 1521 1158 adorationis
1540 1084 1577 1157 in
1610 1084 1813 1176 Connacia,

241 1211 303 1308 (l)
322 1224 360 1285 et
374 1209 570 1284 Maelduni
588 1207 655 1281 filii
677 1206 853 1303 Fergusii,
875 1205 941 1277 filii
965 1204 1129 1293 Baetani,
1147 1218 1184 1278 et
1209 1229 1307 1278 mors
1322 1205 1538 1281 Fiachrachi
1563 1208 1631 1280 fiiii
1650 1207 1814 1298 Ciarani,

237 1334 305 1408 filii
322 1329 564 1419 Ainmirechi,
586 1329 653 1402 filii
671 1327 815 1418 Setnii.]

238 1457 308 1534 flu.
335 1452 394 1530 ὧι
410 1471 465 1537 rr.
493 1452 575 1524 Kal.
587 1451 610 1523 J
614 1476 672 1522 an.
692 1475 725 1520 v.
741 1447 805 1521 fer.
824 1449 898 1520 lun.
917 1448 952 1520 ii.
1007 1448 1145 1521 Senaclr
1171 1447 1292 1543 garon
1323 1447 1401 1522 add.
1416 1447 1562 1522 Cluana
1578 1446 1694 1547 serta
1710 1453 1814 1527 mori.

237 1577 415 1674 [Senarus
449 1587 578 1647 torvus
605 1571 731 1644 Abbas
765 1568 1060 1643 Cluanfertensis
1091 1568 1275 1660 moritur]
1317 1560 1514 1666 iugulatio
1555 1573 1740 1668 Aengueo,
1760 1599 1816 1649 mc

239 1699 404 1774 Colmain
431 1696 569 1792 magni,
590 1694 704 1790 Regis
729 1703 913 1788 nepotum
932 1690 970 1762 N
974 1690 1048 1762 eill.
1078 1689 1237 1769 Danau
1250 1713 1329 1764 mac
1356 1668 1525 1789 Eugeia,
1546 1693 1720 1768 Neriton
1737 1721 1816 1773 mac

240 1821 405 1906 Conona,
433 1831 470 1890 ct
489 1817 572 1890 Aer
583 1816 767 1889 obierunt.

230 1942 308 2050 βπ,
335 1938 495 2021 mirre
530 1937 611 2010 Kal.
630 1938 715 2010 Jan.
735 1938 780 2008 vi.
800 1934 865 2008 fer.
879 1936 956 2009 lun.
974 1935 1053 2007 xiii.
1108 1933 1251 2007 Bellum
1271 1934 1462 2008 Cion-(leil
1483 1937 1590 2032 gden.
1611 1938 1819 2032 (9)Conult

238 2087 316 2136 moe
332 2062 466 2136 Suibne
482 2061 603 2133 victor
618 2073 704 2133 erat.
760 2058 848 2131 Duo
876 2057 940 2129 filii
971 2057 1124 2129 Libreni
1141 2079 1195 2127 mc
1217 2056 1405 2143 Illandon,
1444 2080 1499 2129 me
1530 2058 1703 2150 Cerbaill,
1722 2087 1814 2138 croc.

235 2183 493 2281 [ceciderunt]
529 2183 671 2279 Cannig
695 2206 773 2255 niae
801 2180 941 2254 Aeduin
976 2178 1163 2252 demersus
1190 2190 1257 2250 est.
1312 2176 1418 2248 Mors
1458 2177 1727 2257 Mailembraca
1762 2211 1818 2262 mc

239 2308 425 2397 Rimeddo,
461 2333 517 2382 mc
546 2306 722 2393 Cadmeia,
744 2304 781 2378 ssi
798 2301 992 2398 Coitaigk,
1005 2302 1187 2374 etAitetto
1205 2324 1260 2372 ure
1276 2298 1433 2394 Cellnig.
1467 2300 1610 2374 Bellum
1627 2305 1815 2383 Lindaire.

241 2433 359 2516 Quies
387 2432 560 2527 Coenrgin
588 2429 727 2504 Glinne
756 2431 801 2501 da
829 2426 943 2501 rocta.
1000 2425 1142 2497 Bellum
1160 2421 1342 2516 Cenbuigi
1359 2421 1397 2492 in
1416 2446 1491 2517 quo
1507 2425 1645 2498 cecidit
1664 2427 1816 2504 Colman

238 2581 318 2630 mac
337 2553 502 2650 Cobtuig.
554 2552 578 2626 J
582 2551 750 2650 nguiatio
770 2550 918 2623 Aillillo
934 2572 988 2621 mc
1006 2547 1182 2642 Cenllaig.
1231 2543 1335 2616 Mors
1355 2545 1521 2642 Colggen
1543 2572 1598 2620 mc
1613 2549 1784 2650 Cenlluig

239 2680 308 2758 titt.
336 2677 395 2755 mc
412 2697 453 2761 tr
470 2678 511 2766 ii,
531 2670 949 2749 Ka1.Jan.vii.fer.1un.
967 2667 1075 2741 xxiv.
1105 2666 1243 2738 Obitus
1261 2663 1410 2761 Fergnu
1423 2667 1519 2741 Abb.
1538 2670 1619 2746 Jue.
1643 2671 1823 2773 [Fergnci

237 2801 397 2876 Abbatis
414 2795 590 2885 Hiiensis]
621 2794 740 2876 Quies
768 2815 823 2863 mc
840 2791 970 2862 Laiare
996 2787 1154 2860 Abbatis
1186 2787 1427 2880 Ardrnachae,
1453 2805 1492 2866 et
1525 2793 1630 2869 Vinei
1659 2797 1839 2874 abbatis·

240 2925 348 2999 Neir.
403 2915 649 3014 Expugnatio
669 2911 797 2986 Raida
813 2907 931 2985 Guuli
949 2911 984 2980 ln
1012 2905 1103 3005 [per]
1121 2907 1281 2979 atacem
1296 2935 1351 2984 mc
1369 2913 1540 2990 Baetain.

239 3052 309 3130 sstt.
335 3045 394 3123 ὧι
410 3063 452 3129 rr
469 3042 522 3117 tit.
558 3034 775 3112 narraui.
793 3033 857 3107 fer.
876 3035 953 3106 lun.
967 3058 1001 3104 v.
1057 3031 1161 3106 Mors
1186 3031 1334 3106 Ronain
1352 3058 1407 3107 mc
1421 3033 1597 3127 Calmoin,
1614 3054 1651 3113 et
1665 3040 1817 3125 Colman

239 3174 400 3249 Stellam
416 3165 519 3250 obiit,
547 3174 586 3235 et
614 3159 638 3232 J
644 3156 814 3256 ugulatio
829 3156 931 3228 Doir
954 3178 1008 3228 mc
1032 3153 1132 3228 Aede
1166 3155 1317 3228 Aldain.
1370 3155 1493 3250 [Dorii
1527 3159 1594 3232 filii
1625 3162 1721 3236 Aedi
1750 3167 1817 3239 Ar·
1909 3247 1914 3256 ,

241 3294 345 3387 dani]
370 3287 561 3363 Nativitas
580 3280 783 3358 Adomriain
801 3277 895 3351 Ate.
912 3277 983 3352 Jue
1013 3273 1407 3374 [AdamnaniAbbatis
1426 3277 1620 3376 Hiiensis.]

243 3475 1812 3508 *eff—m

240 3618 285 3690 (1)
308 3605 529 3686 Magi-rtmdt,
546 3621 664 3679 campus
674 3598 856 3658 adorationis.
878 3594 951 3653 Vide
963 3594 1089 3652 Giarrar.
1106 3592 1227 3669 Topogr.
1240 3604 1271 3652 et
1284 3595 1404 3653 Dissert.
1420 3606 1507 3654 nostr.
1525 3596 1562 3656 de
1587 3598 1734 3677 Religion
1747 3604 1819 3662 Est.

239 3709 326 3769 rn'cnr.
339 3705 456 3762 Hibera.
490 3701 588 3758 “Rex
602 3697 755 3773 Laugariua
775 3693 914 3750 adorabat
927 3690 1069 3766 quoddam
1083 3688 1205 3757 Idolum,
1219 3707 1259 3745 ex
1275 3708 1346 3746 auro
1357 3701 1387 3747 et
1397 3704 1513 3765 argento
1533 3696 1681 3769 magnifice
1701 3715 1820 3776 cooper.

240 3808 260 3836 ‘⁴
283 3815 354 3869 tum,
365 3798 432 3855 etin
445 3813 548 3871 campo
568 3793 616 3850 cui
632 3809 734 3848 nomen
752 3785 939 3863 trag-steorte
952 3796 1090 3842 erectum.
1126 3783 1337 3842 Nurninabntur
1356 3787 1430 3841 enirn
1445 3784 1653 3845 Cenon-erodii
1667 3791 1717 3848 i.e.
1733 3805 1820 3870 caput

241 3901 260 3930 “
282 3895 410 3951 omnium
418 3892 558 3948 Deorum.
584 3886 842 3944 Circumsteternnt
856 3882 942 3938 etiam
958 3882 1031 3937 idem
1046 3879 1275 3935 simulacrumxii
1285 3879 1398 3936 Deieuii
1410 3883 1486 3950 cerei,
1498 3882 1576 3957 qnasi
1593 3885 1713 3957 subjecti
1727 3887 1819 3947 eidem

241 3997 260 4025 ‘⁴
282 4001 311 4048 ct
323 3983 474 4046 acclivee.’'
493 3982 603 4041 Jocciin
617 3980 677 4038 Vit.
693 3979 722 4036 S.
736 3980 812 4036 Patr.
828 3995 854 4034 c.
870 3972 918 4034 56.
941 3974 1082 4050 Benignua
1095 3972 1229 4032 tecelino
1239 3975 1383 4048 antiquior
1396 3993 1422 4032 c.
1442 3972 1491 4032 46.
1504 3975 1609 4032 Euiaue
1620 3980 1725 4053 pariter
1745 3982 1820 4038 anti·

243 4086 335 4163 quior,
347 4083 376 4140 in
390 4077 493 4136 Triade
503 4096 530 4153 p.
546 4082 612 4144 133,
628 4081 712 4133 c.81.
752 4074 790 4129 V.
812 4072 1067 4147 Glossar.'l'op0gr.
1080 4070 1159 4124 Voce
1170 4066 1271 4124 Medii.

240 4184 285 4252 (2)
308 4179 350 4237 IV
364 4172 504 4251 Magistri
517 4172 572 4227 hoc
587 4168 715 4246 pralium
730 4165 854 4224 referunt
869 4165 904 4221 ad
920 4184 986 4222 ann.
1001 4160 1071 4232 617,
1086 4163 1212 4218 dicentes
1236 4174 1344 4235 gestum
1366 4163 1451 4219 fnisse
1473 4183 1523 4238 per
1544 4160 1695 4235 Curulium,
1712 4169 1819 4229 Subnei
1873 4216 1876 4220 .

242 4277 343 4340 filium,
357 4283 386 4329 et
400 4266 593 4327 Dumdaallum
606 4263 692 4331 brecc,
715 4259 848 4318 Eucdudii
862 4257 957 4316 duidde
971 4258 1056 4332 Regis
1071 4256 1223 4314 Scotorum
1237 4257 1367 4312 Aroania
1378 4256 1478 4315 filium.
1493 4260 1529 4315 V.
1542 4270 1600 4317 not.
1613 4262 1648 4317 ad
1664 4282 1731 4322 eun.
1747 4273 1820 4340 599,

241 4385 270 4431 et
283 4366 352 4437 636,
364 4386 422 4445 quo
436 4364 565 4442 prelium
578 4358 655 4416 Rau
666 4372 775 4434 gestum
789 4369 842 4414 est.
871 4354 945 4412 Item
960 4365 1018 4409 not.
1029 4352 1065 4408 ad
1084 4369 1150 4408 ann.
1165 4346 1235 4407 641.

243 4467 386 4525 Adamana
411 4463 432 4519 l.
446 4469 508 4529 l,c.
521 4466 551 4527 9,
561 4468 589 4514 et
603 4456 622 4513 1.
635 4462 664 4522 3,
686 4472 712 4511 c.
727 4459 756 4521 5,
799 4449 991 4507 Duneduatlum
1014 4447 1100 4503 Brecc
1114 4445 1240 4522 appellnt
1262 4447 1379 4520 “filium
1401 4448 1489 4517 Arda,
1509 4458 1536 4507 et
1555 4460 1673 4525 nepotem
1686 4453 1819 4512 Aiduni.”

242 4563 280 4618 V.
291 4581 357 4617 ann.
373 4565 441 4626 599.
483 4555 546 4613 Fuit
556 4571 657 4626 nempe
670 4570 706 4606 ex
720 4546 854 4604 Euchadio
870 4541 976 4600 Buidde
992 4541 1057 4619 [ie.
1073 4541 1155 4598 Aeda
1169 4539 1257 4615 flavo]
1273 4562 1360 4620 nepos
1380 4545 1481 4602 didani
1505 4546 1552 4602 fiiii
1571 4547 1697 4604 Gaurani
1713 4549 1748 4603 de
1761 4568 1819 4624 quo

242 4658 307 4713 vide
321 4674 387 4711 ann.
398 4648 589 4710 (ted—ni
608 4644 743 4714 Annales,
765 4634 885 4719 duorum
907 4639 974 4696 fides
995 4640 1031 4695 ab
1045 4638 1215 4695 Adamnauo
1229 4651 1259 4695 et
1277 4638 1454 4713 Tigcrnachu
1472 4640 1595 4706 suffulta,
1607 4642 1716 4698 caeteris
1736 4642 1820 4720 lunge

245 4747 450 4828 praeponderat,
478 4747 594 4803 tradunt
608 4741 771 4801 Eoctodium
783 4736 885 4794 Baidde
899 4746 961 4812 post
977 4734 1091 4791 Patrem
1112 4733 1255 4810 Aidnnurn
1269 4753 1394 4808 regnasse
1420 4737 1456 4790 ab
1482 4752 1556 4788 atino
1570 4729 1820 4797 dod-Annum„

245 4841 394 4910 Boethius,
410 4839 609 4909 Buchananus,
631 4850 660 4896 et
683 4835 731 4894 alri
746 4832 824 4892 Scoti
837 4830 1015 4900 recentiores,
1030 4829 1106 4888 hunc
1120 4847 1177 4886 non
1191 4827 1355 4885 Eucdodinm
1366 4826 1470 4894 buidde,
1484 4827 1531 4882 sed
1548 4826 1698 4903 Eugenium
1714 4830 1754 4890 IV
1769 4853 1819 4912 up.

898 4955 922 5005 G
