4446 6000
353 488 435 632 76
696 590 700 597 ,
804 529 1067 597 innuens
1097 529 1500 603 cadomenses.

362 711 506 787 Bellum
536 711 761 788 maritimum
782 711 1022 788 Ardeaneicbi
1049 711 1148 788 inter
1162 713 1326 790 Dunclia
1356 715 1474 790 mdccc
1496 715 1683 815 [partum]
1700 745 1787 797 cum
1805 732 1946 825 genere

354 830 523 927 'Gabene
543 849 581 911 et
597 835 793 926 Selbacum
832 861 919 909 cum
950 861 1087 935 genere
1114 838 1266 929 Loairn,
1296 852 1335 914 et
1364 864 1509 914 versum
1541 857 1726 944 estsuper
1755 847 1948 928 Selbacum

359 960 476 1060 pridie
491 984 607 1035 nonas
625 959 805 1034 Octobris
823 959 883 1034 die
908 959 953 1034 vi
968 959 1058 1035 ferie
1078 959 1140 1057 (1)
1170 961 1210 1034 in
1228 987 1302 1059 quo
1320 965 1471 1061 quidam
1489 971 1685 1045 commites
1702 989 1955 1052 corruerunt·

358 1085 384 1157 J
388 1083 556 1182 ugulatio
572 1083 611 1156 in
636 1083 681 1156 da
699 1083 845 1180 tigerne
862 1083 972 1157 illoeb
996 1085 1172 1158 duaitbne
1197 1087 1232 1159 ι’·
1262 1088 1364 1162 dome
1383 1088 1699 1193 Maelefotartaig
1715 1098 1952 1176 linabratari'

355 1209 396 1280 ··i·
413 1207 601 1283 Cremtain
619 1206 782 1281 corracb.
806 1206 843 1301 [J
849 1207 1018 1303 ugulatio
1034 1208 1192 1280 duorum
1213 1206 1429 1308 Principum
1448 1212 1486 1285 in
1502 1215 1587 1290 lacu
1605 1218 1768 1315 regionis
1784 1219 1936 1314 Aitbne,

358 1332 424 1406 ie.
442 1331 602 1406 duorum
630 1330 789 1403 filiorum
820 1327 1086 1428 Maelfortagii,
1117 1329 1310 1406 interfecti
1337 1333 1488 1410 afratre
1515 1336 1737 1416 Crimtheno
1754 1346 1950 1441 moroso]

356 1455 380 1531 J
385 1457 555 1556 ugulatio
572 1453 711 1529 familie
724 1452 857 1528 Suibne
872 1454 911 1528 in
930 1453 1152 1530 Ardmacha.
1197 1455 1307 1530 Estas
1326 1457 1453 1548 sicca.

352 1592 422 1670 tte
448 1587 526 1666 bet
542 1587 612 1670 tie.
663 1580 769 1654 Estas
793 1578 974 1677 pluvialis.
1027 1578 1138 1654 Since
1164 1581 1259 1653 inrui
1288 1580 1468 1657 Clotbrcu
1498 1585 1624 1682 [Since
1640 1589 1767 1664 Abbas
1784 1591 1938 1668 Mones·

355 1714 436 1789 terii
456 1710 593 1786 Insulae
610 1703 808 1797 Clothran]
830 1701 1018 1776 dormivit.
1037 1702 1242 1778 inmbrocltt
1256 1727 1338 1779 ιιαν
1367 1706 1583 1802 [inundatio
1597 1713 1721 1807 meris]
1746 1715 1786 1789 in
1811 1741 1943 1794 mense

356 1834 542 1911 Octobris.
596 1829 815 1903 Theodorus
830 1850 931 1899 anno
948 1826 1077 1924 primo.

354 1965 423 2041 eu
450 1957 528 2038 ffitt
542 1976 598 2042 tt.
650 1953 811 2028 Duucbo
828 1951 909 2025 bccc
941 1951 1108 2049 [parvus]
1148 1975 1213 2025 rex
1232 1953 1405 2029 Cinntire
1422 1958 1596 2038 moritur.⁴
1642 1960 1881 2036 Terremotus
1891 1963 1932 2038 in

354 2083 560 2161 Octimbre.
579 2076 775 2186 [Octobre]
810 2075 953 2150 Beuum
979 2076 1077 2150 inter
1103 2077 1316 2152 Connacbta
1346 2092 1384 2153 et
1402 2082 1690 2174 Cmcobaiscinn,
1709 2084 1773 2182 ubi
1791 2087 1932 2164 cecidit

352 2235 431 2288 mec
445 2205 695 2302 Tolamnuigb.
746 2202 770 2275 J
775 2200 947 2300 ugulatio
970 2199 1198 2278 Condmaisec
1226 2203 1293 2277 filii
1308 2204 1582 2303 Rotbglrtaigb.
1637 2206 1742 2282 Mors
1757 2208 1933 2309 Memaig

350 2333 506 2410 Abbatis
536 2331 678 2408 Lairme
701 2327 810 2403 Leire
840 2322 910 2423 (2).
979 2324 1151 2399 Vastatio
1178 2325 1448 2427 Maigibreegb
1487 2334 1534 2406 du
1567 2332 1661 2432 [per]
1687 2334 1826 2411 catha}
1854 2362 1942 2415 mac,

349 2657 369 2691 ‘⁴
385 2660 457 2728 (non
469 2654 601 2713 odeerecs
615 2661 649 2711 ut
660 2651 747 2724 habet
759 2647 937 2715 Flaherteus,
962 2646 1024 2720 sed)
1040 2644 1116 2705 inter
1128 2647 1199 2706 duos
1215 2646 1287 2706 filios
1299 2648 1458 2708 Fearcherii
1472 2651 1557 2727 longi,
1577 2651 1605 2709 in
1625 2670 1683 2728 quo
1701 2653 1931 2715 Ainbbceeilach

348 2756 368 2786 ‘⁴
384 2751 591 2828 jugulatuseet
614 2747 661 2806 die
675 2768 692 2803 v
705 2745 782 2803 serite
802 2745 908 2802 Iduum
923 2743 1106 2820 Septembris.
1149 2743 1260 2802 Eodem
1283 2762 1370 2814 anuo,
1390 2746 1525 2805 Praelium
1543 2747 1718 2808 maritimum
1739 2752 1932 2811 Promontorii

347 2845 547 2906 “Ardneebi
539 2855 617 2904 mter
623 2842 763 2901 Dutcdod
776 2859 905 2919 parrum,
917 2841 1023 2916 Regem
1036 2841 1221 2900 Posterorurn
1238 2841 1372 2917 Pergusii,
1395 2852 1425 2901 et
1447 2844 1598 2902 Selvaeum
1620 2845 1727 2906 ducem
1751 2857 1932 2924 posterorum

348 2943 504 3013 “Locum
514 2950 545 3001 et
558 2941 649 3000 victus
661 2949 705 2998 est
719 2938 840 2997 Selbbac
852 2943 871 2996 2
882 2937 980 2995 Nonas
994 2936 1129 2997 Octobris
1143 2936 1191 2996 die
1203 2943 1223 2995 3
1236 2937 1331 2996 seriae!
1332 2935 1355 3012 ¹]
1380 2939 1668 3000 Flabcrteushabet‘
1672 2943 1717 3001 ‘V
1732 2942 1832 3000 Nonae
1846 2943 1930 3004 Oete·

302 3091 305 3098 .
346 3042 402 3102 irie
413 3041 458 3100 die
469 3037 598 3120 dserid
612 3036 689 3116 quod
703 3035 822 3095 calculis
835 3033 1075 3092 confirmatum·
1078 3030 1155 3090 ‘See
1176 3031 1275 3091 Maius
1293 3053 1388 3107 nonos,
1399 3033 1527 3105 October,
1552 3036 1656 3106 Julius,
1676 3046 1704 3095 et
1727 3037 1931 3106 More-Qec-

343 3147 410 3199 tuer
429 3147 462 3197 et
480 3134 606 3214 reliquid
646 3135 711 3192 Jarn
726 3151 795 3189 vero
808 3147 899 3187 annus
910 3132 971 3197 719
985 3127 1092 3205 incepit
1114 3147 1133 3187 e
1148 3129 1214 3187 Kal
1221 3128 1287 3190 Jau.
1298 3130 1347 3190 ser.
1365 3139 1392 3201 l,
1413 3151 1479 3208 ergo
1498 3133 1594 3191 diesV
1607 3133 1684 3191 Nou.
1694 3133 1815 3193 Octobr.
1829 3135 1930 3194 incidit

344 3255 381 3294 ιο
402 3252 477 3293 anno
490 3252 520 3290 nr
530 3231 582 3290 ier
596 3236 626 3301 3,
636 3247 671 3286 ae
685 3227 804 3305 proinde
817 3243 904 3282 nume
899 3244 927 3281 rr
920 3223 997 3281 ‘’11
989 3242 1018 3281 m
1030 3223 1138 3282 Codice
1155 3225 1322 3298 Bodleiano,
1335 3228 1514 3286 amanuensis
1527 3228 1675 3306 imperitia·
1691 3229 1833 3290 tribuendi
1852 3245 1930 3306 sunt,

345 3349 380 3388 ac
391 3328 533 3390 scribendi
547 3327 586 3397 V,
599 3334 633 3383 ut
645 3325 675 3381 in
686 3323 795 3381 Codice
809 3319 960 3379 Flabertei.
1002 3320 1040 3378 V.
1050 3331 1110 3380 not.
1119 3323 1156 3380 ad
1170 3340 1236 3381 ann.
1245 3319 1317 3392 672,
1330 3319 1401 3392 693,
1411 3320 1481 3394 697,
1495 3333 1526 3382 et
1536 3320 1607 3394 699.

383 3423 553 3484 Feorcborio
568 3419 663 3497 Longo
675 3417 821 3487 successit,
842 3435 918 3474 anno
929 3420 1000 3487 711,
1014 3415 1137 3473 Eocioid
1149 3416 1352 3488 Riueecmdoil,
1375 3419 1394 3477 i.
1409 3438 1435 3478 e.
1447 3420 1574 3479 Achaius
1593 3421 1654 3481 nasi
1674 3423 1805 3500 aquilini,
1818 3423 1930 3483 Domh·

343 3521 423 3580 *naldi
441 3521 455 3578 1
471 3539 507 3578 ex
526 3516 752 3593 Domhangardo
766 3514 825 3573 filio
836 3532 932 3591 nepos,
955 3531 1036 3570 exeo
1047 3531 1149 3589 nempe
1163 3513 1387 3591 Domharrgardo
1400 3533 1484 3592 quem
1499 3535 1575 3574 anno
1596 3513 1656 3582 672
1674 3519 1832 3578 extinctum
1853 3520 1936 3578 ιίκίι

343 3637 417 3679 mus.
461 3617 580 3675 Errorea
598 3614 651 3691 'qui
674 3611 755 3688 cupit
779 3610 903 3668 ediscere
922 3609 1017 3669 videet
1039 3607 1162 3666 Fordeni
1175 3609 1346 3669 Scotichron
1366 3622 1387 3670 t.
1405 3612 1498 3680 l,l.3,
1510 3630 1537 3670 c.
1553 3618 1604 3683 52,
1623 3618 1673 3683 55,
1686 3610 1735 3684 56,
1750 3614 1819 3672 edit.
1838 3615 1927 3674 Edin·

344 3714 427 3792 burgi
438 3712 508 3773 solio
521 3716 608 3781 1759,
621 3731 650 3790 p.
665 3705 994 3778 ren-Auruncorum,
1008 3725 1093 3782 quem
1108 3704 1266 3777 Fordunus,
1281 3711 1300 3740 “
1312 3706 1509 3769 Amrtctettetl·
1521 3708 1609 3767 tilium
1623 3708 1730 3766 Findere
1743 3708 1793 3767 filii
1809 3709 1930 3788 Eugenii

343 3810 551 3871 rv’tmendose
564 3807 883 3886 appellat—quemque
911 3804 998 3862 nostri
1018 3802 1135 3862 annales
1156 3812 1244 3871 recte,
1271 3815 1300 3860 et
1314 3801 1482 3873 Hibernice,
1499 3803 1628 3863 scribunt
1637 3803 1848 3865 Aiebiceollaelt
1866 3827 1928 3867 moe

338 3907 501 3979 Peercieir,
513 3906 563 3984 qui
575 3906 686 3962 vinctus
698 3900 865 3960 Hiberniam
883 3901 985 3959 misma
998 3910 1049 3967 est,
1064 3918 1121 3956 non
1134 3917 1210 3956 anno
1221 3893 1292 3966 706,
1303 3898 1345 3957 uti
1359 3898 1446 3956 trudit
1459 3896 1619 3958 Pirrdertorr.
1634 3900 1724 3960 Scotl.
1737 3922 1763 3962 v.
1778 3908 1807 3973 2,
1816 3923 1844 3981 p.
1860 3910 1926 3977 122,

342 4006 393 4062 sed
407 4023 483 4063 anuo
495 3999 566 4074 697,
589 4000 744 4060 Albaniam
762 4017 799 4055 ex
817 3996 959 4056 Hibernia
972 4007 1123 4065 revertens,
1148 4005 1213 4071 post
1245 3996 1361 4053 Patrem
1385 3995 1484 4070 paucis
1508 3995 1651 4054 mensibus
1675 3999 1927 4075 regnavit—Ejus

341 4099 536 4173 genealogiam
550 4096 639 4173 gradu
652 4103 681 4166 3,
695 4108 724 4154 et
745 4093 821 4152 linea
833 4105 914 4152 recta
927 4111 945 4151 a
960 4092 1085 4160 toarno,
1098 4093 1226 4161 exhibet,
1238 4110 1275 4148 ex
1288 4090 1397 4149 Codice
1414 4104 1534 4162 vetusto,
1548 4090 1642 4151 codes
1654 4092 1778 4153 Ιιιιιιιι
1791 4107 1926 4155 exaratus

340 4211 417 4252 anno
433 4197 651 4260 lesos-1417,
666 4211 684 4248 a
697 4192 765 4250 solio
789 4196 843 4249 113
858 4191 895 4248 ed
913 4195 979 4258 119,
993 4190 1068 4266 apud
1091 4188 1270 4247 Flaberteum
1286 4207 1314 4266 p.
1329 4187 1476 4256 ern-Ei
1500 4188 1638 4247 successit
1663 4187 1752 4247 frater
1775 4187 1925 4246 Sealddeeb

318 4341 319 4345 ,
338 4307 401 4347 nec
414 4283 573 4352 Feorcboiu
586 4285 635 4360 qui
648 4287 755 4362 Arcem
770 4284 934 4354 Duo-0¹10,
958 4303 976 4341 a
998 4284 1091 4361 seipso
1105 4305 1180 4344 anno
1191 4291 1251 4351 700
1264 4304 1404 4353 eversum,
1420 4283 1601 4342 reedificavit
1613 4302 1688 4342 anno
1698 4287 1769 4347 713.
1811 4280 1879 4352 Hic,
1892 4283 1924 4342 in

284 4421 288 4428 ·
318 4396 320 4401 '
338 4384 437 4465 praelio
451 4379 732 4447 navaliannoilm
746 4379 908 4440 Dunebedo
920 4400 1018 4456 parvo,
1032 4381 1109 4458 Rege
1119 4382 1253 4441 Cantiriae
1267 4383 1304 4441 de
1317 4383 1404 4440 domo
1414 4379 1551 4456 Fergusii,
1561 4380 1663 4450 ricttu,
1675 4378 1705 4436 in
1715 4378 1924 4438 Monesterium

227 4543 229 4546 Α
338 4483 453 4542 secessit
467 4495 543 4537 anuo
557 4479 627 4543 722,
641 4473 759 4547 obitque
772 4491 847 4530 anno
857 4478 876 4538 7
879 4480 928 4542 29
943 4493 1007 4533 aerae
1021 4495 1096 4536 com.
1110 4483 1180 4543 730.

337 4576 426 4652 (1)·‘
448 4573 546 4633 Pridie
570 4590 634 4630 ιιι.
648 4567 760 4626 Octobr.
784 4568 828 4626 die
846 4588 872 4626 ιι
865 4569 987 4646 serioe”
1038 4573 1108 4630 ilaee
1131 4575 1216 4649 plene
1238 4573 1367 4632 indicant
1388 4591 1497 4632 anuum
1519 4586 1666 4631 aeraeeom.
1681 4573 1753 4639 719,
1774 4588 1833 4647 quo
1855 4569 1922 4630 Kal.

337 4673 403 4734 Jan.
409 4669 602 4731 inciderunt
595 4688 624 4728 ιιι
645 4665 807 4746 ferienti,
800 4684 820 4722 ι.
832 4688 858 4724 e.
874 4665 1066 4738 Dominicaiu,
1076 4664 1358 4727 etdies60ctobris.
1383 4667 1454 4746 [i..e
1468 4666 1559 4745 pridie
1572 4649 1674 4740 ιιοιιιι]
1696 4665 1843 4726 inciditin
1856 4665 1923 4727 ieri·

338 4787 385 4826 am
399 4768 452 4836 Vl,
465 4767 557 4843 Cyclo
570 4765 643 4824 Solis
654 4763 754 4826 xxviii
768 4761 853 4821 litere
867 4760 1081 4819 DominicaieA
1085 4761 1196 4839 ,Cyclo
1209 4761 1297 4819 Luuae
1311 4763 1378 4821 xvii.

339 4861 431 4941 (2ss
433 4861 502 4921 ‘La
523 4881 581 4923 mcc
596 4859 696 4923 Iaet'tl'
715 4860 789 4924 eod.
797 4859 993 4933 (sistendw,
1004 4859 1149 4920 mendose.
1173 4856 1295 4919 Gebbre'e
1308 4858 1427 4941 regionis
1441 4857 1589 4939 lagenid'
1602 4857 1644 4918 ib.
1656 4859 1804 4922 mendose».
