4446 6000
379 509 486 600 282
816 523 1074 593 torturus
1114 513 1519 591 ouroumusrr.

377 709 577 801 Tuathalii,
597 716 634 784 et
650 707 711 787 alii
728 706 848 781 multi.
900 706 1069 781 Praelium
1085 716 1192 780 atrox
1210 716 1357 804 gestum
1371 705 1418 781 ab
1435 703 1625 803 Argialliis
1647 718 1779 788 contra
1795 712 1964 792 Ti'rcons

378 840 540 925 allenses,
561 836 601 907 in
619 857 694 929 quo
710 830 856 904 occisus
870 839 925 911 est
941 829 1045 902 Niall
1064 828 1333 922 O’Canandan‚
1351 841 1389 904 et
1406 828 1468 902 alii
1482 830 1602 905 multi.
1617 830 1798 933 Corcagia
1814 861 1964 936 magna.

379 958 584 1035 Momouiae
601 966 744 1031 vastata
764 974 829 1053 per
853 953 1056 1052 Dagadios.
1112 951 1317 1043 Lissmoria,
1352 950 1484 1026 civitas
1514 952 1548 1027 S.
1564 953 1759 1050 Mochudi,
1792 972 1962 1054 vastata,¹

378 1097 417 1160 et
432 1080 654 1173 combusto]
1215 1140 1220 1147 ,
1437 1078 1442 1085 ’

376 1208 446 1286 fito
473 1203 586 1283 mtttt
604 1205 660 1288 ln
676 1200 757 1279 oit'r
819 1199 1001 1274 Moireno
1027 1199 1075 1272 in.
1096 1198 1343 1297 Congolloiclz,
1367 1195 1572 1272 Comlzorlo
1596 1199 1763 1295 Brigltcle
1779 1226 1813 1297 q.
1834 1203 1950 1277 Letlr·

380 1328 509 1405 loblror
526 1326 560 1398 l.
577 1325 740 1399 Fioclou
759 1322 794 1396 ri
810 1322 957 1394 Dolore
971 1345 1004 1417 p.
1024 1320 1152 1395 dolum
1168 1345 1223 1394 oc.
1243 1345 1273 1394 e.
1308 1320 1497 1416 [Mureniu
1514 1321 1590 1395 filio
1608 1321 1863 1421 Cougallachi‚
1880 1327 1961 1402 Vi·.

380 1449 477 1523 caria
495 1445 664 1543 Brigidae,
685 1445 707 1520 i.
722 1468 752 1519 e.
786 1443 986 1517 Abbatissa
1014 1443 1253 1534 Kildarensis,
1286 1443 1438 1538 quievit.
1496 1441 1694 1517 Lethlabar
1728 1444 1948 1534 O'Fiachna,

379 1568 464 1643 Rex
484 1567 701 1657 Dalaradiae,
721 1589 786 1664 per
811 1565 940 1639 dolum
968 1566 1113 1642 occisus
1141 1566 1225 1659 est]
1276 1566 1462 1639 Concobar
1475 1589 1553 1638 mac
1567 1565 1676 1656 Fino,
1696 1565 1751 1637 Ri
1764 1566 1800 1640 lr.
1817 1564 1960 1663 Foilgl.

377 1693 478 1789 {Rex
495 1693 559 1788 Hy
578 1689 701 1782 Faliae]
717 1700 884 1764 mortuus
900 1701 967 1765 est.
1014 1692 1238 1766 Aireclrtoclr
1252 1691 1284 1765 lr.
1309 1691 1444 1780 Coruo,
1463 1714 1549 1763 cerm
1567 1713 1654 1765 ecoa
1668 1716 1709 1765 er
1725 1689 1967 1789 [Praecipuuo

380 1815 528 1888 Ductor
544 1813 747 1906 Hibemiae]
764 1814 803 1887 iu
818 1838 907 1911 pace
923 1813 1077 1911 quievit.

382 1940 451 2018 zo.
479 1935 662 2019 mttttltt
679 1938 726 2019 ir.
781 1934 883 2009 Cotlr
911 1935 1107 2009 Temlrruclr
1141 1936 1200 2008 ria
1236 1935 1506 2010 Maelreclrloin
1537 1958 1614 2008 mor
1647 1934 1865 2008 Domlmoill
1878 1932 1968 2032 for*-

383 2057 536 2134 Gallail
551 2057 784 2147 Allocliotlr‚
805 2067 829 2138 7
847 2082 895 2132 ua
914 2081 938 2130 rt
955 2057 1114 2147 indredlt,
1135 2058 1298 2130 irroladlr
1315 2059 1348 2130 cl.
1363 2081 1401 2155 g.
1421 2059 1481 2131 air·
1496 2056 1625 2136 Gollr
1645 2082 1678 2130 o.
1701 2061 1818 2155 tgall
1832 2061 1884 2132 oli
1896 2085 1950 2148 or,

384 2182 433 2256 du
463 2181 616 2255 ilorcoir
639 2181 810 2279 Rognoll
826 2205 905 2255 mac
921 2180 1091 2269 Amloim,
1127 2204 1206 2253 mou
1235 2181 1341 2275 Riglr
1371 2178 1472 2269 Gall,
1508 2177 1745 2259 7Conumlrol
1763 2181 1956 2255 matrimi

382 2305 486 2391 Goll,
504 2318 528 2386 7
545 2305 607 2379 alii
623 2306 740 2379 multi.
796 2304 1001 2379 Domlmoll
1017 2303 1050 2376 lr.
1074 2302 1180 2377 Nuill
1197 2304 1317 2377 oirdri
1334 2303 1396 2376 Er
1420 2302 1607 2400 [Praelium
1633 2304 1854 2378 Temorense
1870 2329 1955 2403 ges·

383 2444 464 2506 tum
482 2455 504 2503 a
519 2428 818 2517 Maelsechnallo,
836 2427 914 2499 filio
930 2425 1107 2514 Donaldi,
1129 2436 1260 2500 contra
1273 2426 1511 2524 Alienigenas
1529 2427 1710 2517 Dubliuii,
1740 2442 1779 2502 et
1795 2429 1955 2503 Insular·

382 2577 456 2641 um,
482 2552 522 2625 in
550 2577 626 2648 quo
655 2563 795 2647 strages
827 2547 930 2622 facta
951 2561 1006 2622 est
1032 2548 1336 2646 Alienigenarum
1372 2548 1629 2639 Orientalium,
1650 2563 1688 2623 et
1704 2551 1969 2624 multitudinis..

383 2670 689 2767 Alienigeuarum
705 2670 859 2743 aliarum
880 2669 1079 2761 Hiberniae,
1102 2671 1139 2743 in
1162 2697 1236 2768 quo
1260 2673 1406 2746 occisus
1424 2685 1480 2745 est
1505 2672 1665 2769 Ragnall
1693 2672 1787 2745 lilius
1804 2673 1963 2760 Amlali,.

383 2794 450 2868 filii
469 2791 583 2891 Regis
598 2791 912 2889 Alienigeuarum,
932 2805 976 2866 et
990 2791 1221 2867 Counamhal
1237 2795 1333 2868 filius
1345 2796 1380 2867 V
1384 2795 1621 2894 icesgereutis
1638 2795 1750 2893 Regis
1768 2795 1960 2891 Alienige-

382 2940 525 3007 narum,
543 2927 582 2990 et
595 2913 657 2989 alii
674 2912 792 2991 multi.
828 2912 1052 2989 Donnaldus
1071 2915 1233 3006 O'Neill,
1254 2943 1416 2991 summus
1434 2919 1516 2992 Rex
1534 2919 1736 3010 llibernim]
1753 2932 1835 3015 post
1853 2917 1956 3014 peni·

383 3037 553 3129 torneiam,
586 3038 626 3111 in
652 3035 863 3111 Ardmacha
880 3035 982 3110 obiit.
1005 3036 1066 3132 (l)
1098 3039 1272 3136 Magrou
1296 3041 1499 3114 Comlarbo
1518 3041 1609 3115 Coll.
1630 3038 1715 3114 Cill.
1745 3041 1830 3114 ittir·
1857 3040 1956 3119 Er?

381 3159 538 3250 Albam,
562 3158 815 3257 [Mogronius,
838 3158 1011 3233 vicarius
1029 3160 1062 3233 S.
1082 3160 1286 3252 Coluurbae,
1307 3163 1347 3236 in
1373 3164 1562 3253 Hibernia,
1583 3177 1621 3238 et
1637 3161 1824 3254 Albania,]
1838 3162 1956 3236 vitam

382 3283 527 3360 felicem
546 3283 679 3357 finivit.
733 3282 1150 3372 Rumanlr.Aodl1ocoo,
1182 3284 1383 3360 Comlrorbo
1414 3288 1646 3383 Tigernoiglr,
1688 3282 1953 3380 [VicariusTi-

382 3407 592 3505 gernaghi,]
622 3405 789 3480 Murclto
803 3428 881 3478 orac
899 3405 1044 3495 Riodar',
1067 3406 1269 3481 Corolrarba
1285 3409 1442 3500 Comum,
1468 3410 1607 3506 [Abbas
1633 3404 1961 3496 RoscomanensisJ:

387 3724 436 3797 (1)
460 3726 501 3784 lV
518 3725 657 3802 lllogr'olrr'
670 3724 705 3781 ad
719 3743 785 3782 ann.
796 3725 865 3793 978,
885 3721 953 3780 huic
974 3722 1198 3799 respondentem,
1218 3724 1414 3803 inquiunt—“
1427 3727 1590 3787 Mucclroio
1613 3728 1681 3785 Abu.
1692 3725 1758 3795 loe,
1779 3722 1917 3783 teriblu'mr
1930 3726 1958 3785 7·

383 3824 403 3855 “
425 3823 484 3897 Epo
497 3824 556 3881 suoi
569 3842 604 3878 nu
619 3823 673 3878 ttri
688 3822 759 3877 rorul
771 3818 959 3879 dcco-Call
977 3818 1096 3876 Tcnrlrra
1109 3822 1153 3878 rr'o
1166 3820 1379 3880 Mooiloecloiml
1398 3843 1457 3881 mac
1471 3824 1632 3881 Domloaill
1644 3822 1702 3902 for
1718 3820 1806 3879 Glall
1824 3818 1954 3878 Allorli-
1994 3836 1997 3841 ·

382 3920 402 3951 “
424 3919 497 3988 atel,
510 3923 528 3981 7
543 3938 579 3975 oo
592 3917 734 3984 olorlretllt,
748 3914 804 3992 sor
826 3914 948 3972 mocaibl
962 3915 1105 3974 Amlloibl
1119 3936 1155 3973 on
1171 3918 1288 3978 ltoiuor.
1303 3919 1339 3975 du
1353 3919 1521 3976 ittorcrolur
1544 3919 1590 3989 ile,
1606 3919 1642 3975 im
1657 3916 1800 3992 lloglooll
1811 3934 1872 3973 mac
1885 3919 1957 3971 Am-

379 4016 400 4045 “
422 4013 510 4070 looill
522 4012 730 4091 lliogldomlmo
739 4011 816 4077 Gall,
830 4016 848 4075 7
862 4010 901 4067 im
912 4009 1091 4069 Cltooamltot'l
1099 4030 1158 4069 mac
1173 4011 1245 4069 Gilli
1259 4012 1339 4083 αἰνή,
1356 4017 1373 4076 7
1386 4032 1448 4071 tarr
1458 4013 1600 4071 loblraiolk
1612 4012 1784 4082 ⁴ill-luclr'oll,
1809 4016 1828 4075 7
1847 4030 1880 4068 ro
1890 4008 1965 4066 ludlo-

381 4109 401 4138 “
423 4106 509 4182 ‹leorg
523 4128 557 4164 or
568 4109 637 4166 Gull
648 4108 749 4167 imoillr
756 4106 826 4184 srr'u
837 4147 845 4164 .
856 4146 865 4165 .
875 4145 904 4165 ..
919 4106 1054 4164 condeocl
1067 4107 1215 4183 Amloor'pl
1226 4107 1330 4167 ioroml
1344 4118 1391 4166 tor
1410 4109 1483 4165 muir
1494 4128 1527 4165 co
1540 4109 1646 4165 nerboil
1664 4109 1693 4163 in
1707 4107 1729 4162 I
1747 4106 1851 4163 Caluini
1864 4102 1955 4161 rillel'

381 4201 401 4232 “
422 4200 603 4275 [lllugronius
624 4207 723 4262 Abbas
745 4203 877 4273 lliionsis,
902 4210 932 4261 et
955 4203 1122 4280 Episcopus,
1148 4202 1249 4262 doctus
1271 4205 1299 4262 iu
1320 4204 1408 4262 tribus
1429 4203 1629 4279 rhythmorum
1650 4201 1808 4278 generibus,
1829 4197 1954 4255 obiit.-

380 4299 400 4328 “
422 4292 555 4353 Praelium
568 4296 739 4355 Temoronsu
753 4311 863 4373 gestum
877 4317 895 4355 a
909 4299 1134 4358 Maelsechoallo
1149 4300 1207 4360 filio
1224 4301 1380 4372 Dounaldi,
1399 4312 1500 4358 comm
1515 4299 1693 4375 Alienigeuas
1704 4293 1843 4360 Dubliuii,
1860 4301 1890 4348 et
1905 4291 1954 4349 ln·

382 4396 402 4425 ‘⁴
423 4391 560 4459 sulatum,
581 4401 611 4446 et
625 4402 725 4447 contra
739 4393 810 4449 filios
824 4395 929 4452 Amlafi
941 4397 1057 4455 senioris
1072 4396 1168 4473 Regis,
1184 4397 1235 4455 ubi·
1245 4398 1331 4455 occisi
1344 4406 1410 4454 sunt
1431 4395 1557 4472 plurimi,
1575 4412 1641 4452 cum
1656 4388 1793 4465 Ragnullo
1806 4386 1866 4444 lilio
1882 4389 1956 4443 Am·

383 4492 403 4521 “
426 4488 484 4555 loli,
499 4488 595 4545 futuro
619 4485 695 4560 Rogo
710 4486 953 4561 Alienigenarum,
979 4500 1008 4548 et
1022 4492 1209 4550 Clrormmalio
1223 4492 1282 4550 lilio
1296 4492 1420 4561 Gilliuri,
1433 4504 1463 4548 et
1476 4488 1615 4566 primariis
1628 4485 1747 4546 ducibus
1762 4481 1903 4551 Dubliuii,
1925 4493 1964 4555 et

385 4587 403 4616 “
425 4591 545 4641 cruento
569 4579 665 4658 prmlio
687 4577 754 4636 victi
776 4590 843 4635 suut
866 4582 1038 4658 Alienigenae
1041 4625 1321 4655 ...............
1330 4597 1359 4644 et
1372 4585 1516 4662 profectus
1537 4582 1655 4641 estideo
1670 4578 1771 4637 Amlol
1788 4587 1959 4657 transmare,

383 4681 401 4708 ‘⁴
423 4687 451 4733 ot
464 4678 538 4735 obiit
552 4677 580 4733 in
596 4676 701 4754 Hyonu
716 4675 892 4731 Monasterio
916 4677 945 4733 S.
958 4677 1132 4752 Columbae.]
1174 4682 1275 4738 Postea
1287 4683 1462 4756 subjungunt
1470 4684 1523 4721 -“
1534 4679 1591 4737 Jor
1601 4675 1697 4735 mtcitlr
1710 4672 1814 4731 ccitlre
1829 4671 1961 4729 bliudlno

383 4774 402 4804 ⁰
411 4770 500 4844 stellet
519 4772 622 4847 irlglte
635 4790 684 4828 uos
699 4770 740 4826 Er
754 4770 788 4827 do
807 4769 974 4828 Dlomlooll
992 4791 1033 4828 mc
1053 4772 1260 4830 Moirrlrerlocl
1279 4793 1314 4830 ro
1332 4774 1462 4849 gcocloll
1473 4792 1599 4842 crooerm,
1620 4789 1663 4828 mc
1683 4768 1765 4828 Ntill
1787 4767 1965 4838 Glumluill„

382 4868 401 4899 ‘⁸
422 4864 508 4921 alloil
527 4865 555 4921 io
573 4865 729 4924 Ardmaclto
743 4866 787 4925 iar
799 4867 925 4926 mluoidlr
938 4865 1116 4942 noitlrigle5
1138 4886 1168 4922 or
1182 4868 1228 4927 oio
1242 4867 1423 4927 coiorlmirrcclt
1435 4868 1512 4927 ridle
1523 4886 1558 4927 oo
1568 4866 1635 4925 raiol
1653 4863 1917 4931 Dnbldolllte-
