4446 6000
660 588 922 663 annnnns
961 584 1366 662 trenorcienses.
1657 556 1661 564 ’
1738 548 1806 654 55

223 777 342 858 saras
360 799 471 876 nepos
488 772 641 850 Certoio
668 774 843 872 sapientis
867 773 1110 849 dormierunt.
1129 771 1194 865 (l)
1215 771 1359 847 Bellum
1392 767 1579 866 Ogomais,
1611 762 1676 843 nbi
1710 760 1807 847 ceci·

224 903 363 978 derunt
378 900 521 996 Cooaig
536 925 591 975 mc
612 892 809 995 Congoile'
821 910 860 971 et
877 897 996 972 Ultan
1020 921 1075 971 mc
1093 896 1262 972 Erneirre
1295 918 1360 969 rex
1389 892 1598 982 Cianactte,
1633 905 1672 967 et
1689 892 1806 968 Ceno·

213 1025 351 1128 foelad
364 1021 616 1112 macGertide‚
642 1023 790 1098 Blamoc
803 1045 859 1095 mc
874 1020 956 1096 Ado
970 1019 1096 1095 victus
1112 1029 1177 1093 est.
1231 1018 1364 1097 Socios
1380 1017 1581 1093 Diormodo
1608 1015 1806 1092 Moelduin

220 1175 299 1226 mac
321 1148 534 1224 Furudrain
545 1169 600 1219 mc
618 1143 734 1218 Becco
746 1155 917 1217 mortuus
933 1155 1000 1217 est.
1052 1144 1224 1218 dlooaclr
1248 1167 1303 1216 mc
1333 1141 1482 1239 Fingite,
1500 1142 1533 1216 ic
1550 1142 1633 1215 Aed
1644 1141 1739 1229 duih,
1771 1142 1806 1215 io

219 1272 442 1362 Crimtaiud,
462 1271 498 1347 ic⁴
512 1261 713 1354 Feiolimid,
735 1266 772 1338 ic
794 1263 984 1360 Aenguso,
1005 1265 1039 1339 ic
1057 1263 1242 1365 Ncffroic
1258 1290 1323 1339 rex
1340 1265 1516 1339 diremtio
1542 1277 1711 1337 mortuus
1729 1277 1802 1348 est.

218 1391 245 1470 J
250 1393 421 1493 ugulatio
439 1387 725 1490 Moelsuatlroig
738 1386 804 1459 filii
819 1386 976 1459 Ernesti.
996 1386 1292 1472 decolonAbbas
1306 1389 1512 1484 Lngnreidlr
1535 1387 1691 1486 quievit.
1722 1458 1728 1469 ,

192 1519 293 1595 sstt.
320 1515 381 1595 ΦΕ
395 1519 431 1599 lt
445 1516 487 1594 te
516 1514 598 1586 Kal.
617 1512 641 1585 J
645 1536 702 1584 an.
716 1510 739 1583 i.
755 1509 821 1584 fer.
841 1511 918 1583 lun.
937 1509 1014 1583 xvi.
1069 1511 1188 1596 Quies
1214 1513 1361 1609 Regin
1377 1515 1446 1587 mic
1470 1513 1681 1588 Cucdtcmid
1704 1511 1800 1586 Aba

218 1641 414 1730 Benncoir,
436 1651 472 1712 et
492 1639 596 1712 Mors
617 1635 762 1712 Guarie
779 1632 933 1707 Aldine.
985 1631 1009 1705 J
1014 1634 1184 1730 ugulatio
1210 1634 1371 1708 duorum
1403 1635 1563 1708 tiliorum
1591 1629 1807 1708 Dominoill

207 1764 293 1861 filit·
315 1763 425 1853 Aede,
441 1763 476 1835 ·i·
493 1760 637 1849 Conoll,
664 1772 700 1832 et
718 1757 847 1852 Colgo.
902 1755 1007 1828 Mors
1035 1754 1240 1833 Gertioeid
1263 1756 1330 1833 filii
1365 1756 1593 1832 Dominam:
1608 1769 1646 1830 et
1664 1755 1802 1829 Domit-

216 1888 313 1961 naid
328 1884 571 1970 chotolaio,
598 1891 637 1957 et
669 1879 848 1953 Tuotlroil
872 1902 927 1951 mc
940 1876 1159 1975 Morgoind.
1211 1880 1358 1979 Puenog
1388 1882 1486 1955 filius
1517 1880 1646 1955 Finita
1677 1879 1803 1954 Abbas

217 2002 391 2082 Fernasm
409 2009 447 2081 in
458 2005 609 2080 deroclre
637 1999 977 2099 [Eleemosinnrius]
997 1999 1214 2102 Episcopus,
1232 1999 1347 2079 Dima
1361 2004 1570 2104 Episcopus
1586 2005 1799 2102 quiescunt.

218 2126 336 2204 Ultan
352 2130 385 2203 ic
401 2129 610 2204 Concnbair
626 2126 782 2224 quierit,
803 2123 1008 2199 secundum
1028 2122 1143 2197 alium
1162 2123 1307 2201 librum.
1325 2129 1388 2223 (2)

216 2251 287 2332 Str.
312 2251 373 2331 Dt
390 2253 498 2347 tritt.
526 2251 608 2325 Kal.
625 2250 710 2324 Jan.
730 2248 767 2322 ii.
784 2245 850 2322 fer.
867 2248 945 2321 lun.
960 2245 1080 2321 xxvii.
1132 2246 1300 2323 Tenebre
1318 2248 1356 2322 in
1374 2248 1553 2323 Kalendis
1569 2230 1661 2325 Maii
1678 2251 1717 2324 in
1738 2252 1800 2352 ix.

215 2372 317 2465 hora,
338 2387 377 2450 et
395 2377 434 2448 in
452 2376 580 2449 eadem
605 2385 722 2449 estate
741 2352 865 2446 celurn
882 2369 1070 2444 ardescere
1087 2368 1211 2443 visum
1228 2381 1294 2447 est.
1351 2370 1562 2448 Mortalitas
1591 2375 1629 2448 in
1666 2375 1801 2448 Hiber·

215 2495 318 2571 niam
347 2497 517 2596 pervenit
548 2498 587 2570 in
613 2495 792 2568 Kalendis
826 2492 999 2594 Augusti.
1020 2491 1082 2591 (3)
1140 2491 1284 2567 Bellum
1299 2493 1399 2569 Luto
1412 2492 1550 2593 seiron.
1568 2496 1626 2594 (l)
1696 2497 1800 2572 Mors

219 2813 268 2885 (l)
285 2815 358 2872 Cod.
370 2812 508 2871 Clarend.
522 2818 564 2878 49
576 2811 663 2869 lrabot
675 2811 716 2868 lii.
727 2829 780 2888 pro
792 2810 876 2868 lxxii.
918 2813 963 2868 lV
978 2811 1118 2888 Magistra¹
1137 2813 1270 2872 Cominei
1283 2814 1372 2892 Longi
1386 2816 1495 2874 obitum
1516 2817 1666 2875 reserentes
1679 2819 1716 2875 ad
1731 2837 1800 2875 ann.

135 2983 137 2988 Ι
219 2905 292 2978 661,
304 2908 501 2967 testimoninm
513 2905 661 2963 sadducum
670 2905 766 2964 Poetae
778 2903 882 2962 vetusti
893 2905 1076 2963 Hibernensis
1086 2925 1170 2982 quern
1185 2912 1204 2943 “
1221 2906 1332 2964 Colman
1347 2930 1382 2967 uo
1406 2909 1540 2986 Cluosos'g
1560 2911 1621 2967 oide
1643 2907 1802 2968 Cumrnind'

215 3005 380 3082 appelleon
401 3004 434 3079 [i.
444 3021 470 3062 e.
487 3001 609 3059 Colman
627 3000 776 3077 octoasg
788 3002 943 3078 l’rceeptor
954 2999 1142 3076 Geminei]
1184 3001 1368 3061 Comminens
1389 3004 1462 3062 tilius
1480 3005 1535 3062 fuit
1555 3004 1692 3062 Fiocdrree
1704 3007 1800 3081 ‘Regis

216 3099 274 3158 Jar
288 3099 445 3168 treanta,
458 3097 489 3174 [i.
499 3118 525 3155 e.
543 3095 737 3157 Occidentalis
748 3092 919 3171 Momoniae]
937 3113 1022 3173 'quani
1043 3097 1208 3155 Carndenns
1219 3108 1249 3154 et
1269 3099 1438 3156 recentiores
1451 3097 1627 3156 Desmoniom
1642 3100 1800 3176 appellant.

215 3196 329 3255 Auctor
341 3195 397 3253 fuit
414 3192 549 3272 Epistola
561 3192 598 3251 ad
613 3193 762 3270 Senonum
781 3192 919 3249 Hiensern
933 3210 1018 3268 quarn
1032 3190 1121 3249 edidit
1144 3192 1174 3249 in
1183 3192 1298 3270 Sylloge
1313 3194 1453 3263 Usserius,
1476 3212 1619 3271 quamque
1632 3214 1669 3252 ex
1682 3206 1796 3254 vetusto

216 3289 323 3348 Codice
335 3290 508 3348 Cottoniano
522 3289 659 3367 descripsi
673 3288 891 3346 inBr'dliotlreco
911 3286 1066 3344 Hitemico
1076 3284 1242 3344 cottoniana
1256 3289 1321 3346 MS.
1332 3289 1361 3346 in
1375 3288 1527 3348 Stowcnso.
1559 3289 1800 3357 diabeturetiam

216 3395 320 3443 auctor
341 3385 449 3462 Hymni
474 3389 493 3418 ‘⁶
506 3382 619 3442 Celebre
631 3383 709 3442 Juds
716 3381 793 3461 sesti
807 3382 915 3440 Christi
927 3381 1050 3458 gaudio*
1073 3401 1160 3458 quern
1176 3382 1348 3441 scholiastes
1364 3385 1500 3460 antiquus
1515 3387 1705 3461 compositum
1719 3397 1801 3446 notat

216 3489 348 3558 ternpore
366 3480 521 3538 Maelii
533 3499 576 3538 mc
590 3479 713 3549 Aeduae
727 3478 897 3547 Aiamt'recd,
909 3477 966 3536 hoc
978 3488 1023 3536 est
1041 3477 1217 3537 Dornaldit
1237 3479 1324 3555 Regis
1337 3479 1490 3538 Hiberniae.
1534 3481 1609 3539 Vide
1622 3468 1818 3540 nativintem‘

214 3574 277 3649 ejus
290 3578 327 3634 ad
337 3595 403 3635 ann.
416 3583 485 3645 591.
532 3577 615 3634 Alius
628 3576 682 3633 snit
691 3573 862 3632 cummim
872 3573 960 3642 alda,
983 3573 1031 3652 qui
1046 3573 1157 3652 scripsit
1170 3572 1269 3632 Vitsnr
1280 3576 1309 3633 S
1322 3576 1480 3644 Columbae,
1493 3578 1530 3635 V.
1540 3596 1606 3635 ann.
1618 3572 1689 3634 668.

214 3670 265 3744 (Ἰ)
284 3671 343 3729 lsts
353 3673 390 3729 de
404 3669 512 3729 Ulmo
525 3671 627 3730 desunt
637 3671 667 3730 in
676 3671 749 3729 eod.
763 3669 956 3738 clarend.49.
967 3671 1004 3729 V.
1018 3688 1103 3747 supra
1115 3687 1184 3731 ann.
1193 3664 1263 3728 656.

216 3765 262 3838 (8)
275 3766 398 3823 Annales
412 3766 505 3842 Angla
517 3758 751 3835 Sssous‘cijlledo,
764 3763 840 3823 lior.
853 3763 981 3842 Wigoru.
992 3774 1024 3823 et
1036 3764 1084 3822 alii
1096 3763 1248 3841 antiquiac
1259 3765 1438 3834 recentiores,
1447 3766 1476 3824 in
1486 3765 1540 3822 hac
1548 3764 1653 3842 Eclipsi
1665 3783 1798 3824 enarran-

216 3858 266 3928 da,
279 3859 390 3916 duobus
402 3861 446 3916 vel
457 3860 549 3918 tribus
559 3859 658 3918 diebus
678 3878 696 3916 a
710 3859 829 3917 veritate
841 3860 1042 3918 Astronornict
1052 3861 1229 3920 aberrarunt.
1272 3859 1438 3937 Tigernocd,
1449 3873 1478 3918 et
1491 3852 1615 3917 Annales
1628 3860 1797 3918 Ultorrs'esses

220 3973 279 4012 non
290 3953 383 4011 solnm
393 3954 480 4024 diem,
494 3954 543 4011 sed
563 3956 649 4012 etiarn
668 3953 762 4012 torm
783 3957 820 4013 ad
843 3955 1135 4032 unguensdesignant.
1175 3957 1216 4014 V.
1230 3953 1354 4015 Dioren.
1377 3956 1499 4016 Proelt'm.
1541 3956 1583 4014 IV
1596 3955 1735 4032 Magistri
1759 3956 1797 4014 ad

89 4070 95 4078 ·
216 4068 289 4108 ann.
303 4044 362 4106 664
386 4049 517 4125 inquiunt
539 4054 557 4081 “
573 4047 787 4124 Deitlgreisos
800 4058 877 4107 treas
888 4049 960 4106 lado
973 4049 1060 4108 Mat·
1096 4050 1230 4128 [Eclipsis
1253 4050 1327 4109 Solis
1341 4050 1387 4108 die
1404 4052 1490 4108 tertia
1503 4049 1600 4125 Maii]
1640 4054 1681 4108 At
1697 4071 1799 4128 qnam·

218 4145 260 4203 vis
285 4145 381 4220 magni
401 4143 560 4201 aestimandi
581 4145 638 4199 sint
661 4153 776 4219 propter
789 4143 942 4220 puritatem
957 4145 1060 4221 liugane
1080 4145 1255 4212 iliberrita,
1274 4154 1304 4203 et
1325 4153 1443 4222 propter
1456 4147 1593 4204 Veterum
1608 4147 1799 4206 Hibernornrn

219 4238 379 4315 fragmenta
395 4240 517 4296 metrica
534 4257 597 4314 quse
611 4257 648 4296 ex
659 4238 812 4296 codicibus
826 4239 948 4314 antiquis
961 4251 1101 4316 excerpts
1122 4248 1312 4308 servaverunt,
1338 4249 1433 4297 tamen
1447 4240 1476 4298 in
1490 4242 1574 4299 rebus
1587 4242 1800 4318 chronologicis

219 4334 303 4393 valde
314 4335 439 4393 deficere
453 4335 607 4394 dolendum
624 4345 677 4393 est.
692 4352 781 4411 neque
795 4335 851 4392 erit
867 4333 969 4409 aliquis
992 4353 1091 4392 earnm
1105 4353 1200 4393 rernm
1213 4335 1367 4393 aestirnator
1381 4344 1440 4392 tarn
1454 4335 1586 4410 injustus,
1600 4336 1648 4414 qui
1662 4357 1681 4394 a
1699 4349 1797 4395 nostra

222 4431 365 4489 sententia
377 4431 534 4500 dissentiet,
549 4431 573 4488 si
588 4430 683 4500 modo,
694 4449 711 4487 a
721 4430 845 4505 partium
859 4429 957 4487 studiis
970 4428 1089 4498 alienus,
1103 4440 1183 4488 notas
1197 4429 1319 4507 quesitis
1330 4431 1488 4490 Annalibus
1500 4433 1693 4509 apposuimus,
1712 4449 1797 4508 quas-

219 4543 275 4600 que
288 4525 377 4583 fusius
392 4525 421 4582 in
433 4525 557 4583 Dissert.
568 4524 689 4609 Protin.
711 4525 916 4602 explicavimus
934 4524 1083 4601 diligenter
1095 4527 1260 4602 perpendat.

217 4621 262 4690 (4)
282 4624 302 4652 ‘⁶
325 4620 437 4677 Bellum
447 4620 533 4689 Luto,
545 4622 596 4680 i.e.
607 4621 635 4677 is
646 4619 781 4678 Fortres”
820 4621 894 4679 Cod.
907 4619 1042 4680 clarend.
1055 4622 1238 4699 da-Regio
1262 4622 1417 4681 Britanniae
1431 4641 1494 4700 qnae
1507 4621 1652 4679 Pictorum
1664 4618 1796 4694 potestati

216 4714 407 4782 subditaernt,
416 4717 452 4771 ab
465 4716 597 4774 Hibernis
610 4714 903 4784 vocabaturl'ortren,
917 4718 997 4793 quasi
1014 4716 1276 4797 Fmraigd·gnine
1289 4718 1348 4786 sire
1359 4728 1437 4776 ortus
1447 4717 1523 4782 solis,
1539 4713 1575 4770 ad
1586 4713 1798 4773 distinctionem

217 4811 256 4867 ab
270 4809 394 4866 Albania
416 4808 652 4888 llibcrnicaquae
673 4813 709 4869 ad
729 4812 936 4871 occidentalem
963 4815 1076 4894 plagens
1098 4815 1251 4876 Bdmnniae
1273 4815 1416 4883 tendebat,
1429 4821 1459 4871 et
1479 4810 1515 4869 ad
1538 4807 1624 4867 laede
1644 4809 1717 4889 gall,
1744 4828 1795 4869 seu

218 4903 340 4964 Ebudes.
382 4905 418 4964 V.
430 4903 554 4963 Glossar.
571 4905 692 4984 Topogr.
706 4910 788 4968 Voce
811 4908 942 4968 Actania.
