4446 6000
770 588 1031 660 numanae
1069 559 1477 657 unror'rnrmnu.
1805 554 1911 660 aet·

325 774 399 849 tati
418 741 508 849 sunt
526 769 586 846 die
604 795 661 844 xx
677 767 858 866 Augusti,
873 763 975 866 apud
989 764 1135 843 fontem
1160 768 1352 860 Glethrae,
1371 769 1411 843 in
1429 791 1562 868 campo
1580 764 1720 859 Femin,
1743 764 1909 846 Profecti

325 910 417 971 sunt
433 897 471 969 in
487 896 595 970 istam
614 891 835 992 Regionem,
867 889 997 966 eadem
1020 890 1093 982 die,
1115 891 1310 966 Gentiles.
1363 891 1553 992 Impetum
1587 889 1627 964 in
1650 914 1712 964 eos
1742 885 1915 973 fecerunt

329 1019 497 1109 Hibemi',
525 1018 623 1092 inter
646 1014 793 1090 tertiam
818 1011 948 1088 horam
979 1025 1021 1088 et
1039 1014 1241 1107 meridiem,
1262 1029 1302 1090 et
1317 1025 1585 1115 pugnaverunt
1613 1036 1731 1111 usque
1756 1013 1804 1088 ad
1828 1009 1909 1090 vee-

325 1165 459 1241 peram‚
479 1155 518 1216 et
529 1139 647 1215 occisi
664 1149 754 1213 runt
769 1138 873 1213 mille
887 1118 925 1212 et
943 1149 1099 1212 centum
1114 1136 1185 1212 viri
1205 1161 1254 1213 ex
1271 1149 1430 1238 utraque
1444 1149 1558 1237 parte,
1575 1136 1640 1213 red
1657 1135 1913 1237 pluresoeeiri

323 1277 415 1337 runt
430 1262 626 1336 Danorum
640 1284 753 1358 quam
772 1257 1075 1335 Hibernensium.
1128 1258 1315 1336 Exierunt
1341 1259 1495 1360 agmina
1523 1259 1696 1359 quaedam
1722 1258 1913 1360 Alienige-

327 1413 460 1464 narum
489 1385 674 1470 ecastris.
692 1380 1047 1481 utruosfugientes
1064 1383 1303 1459 sustinerent
1356 1384 1428 1462 Sed
1446 1395 1677 1460 recesserunt
1691 1375 1912 1458 Hiberniad

327 1511 461 1586 Castra
475 1535 550 1600 sua,
565 1521 652 1608 post
663 1519 817 1582 auctum
833 1529 968 1604 agmen
985 1507 1234 1599 inimicorum,
1248 1531 1313 1609 per
1326 1507 1554 1607 Ragnailum
1566 1508 1710 1607 Regem
1721 1505 1914 1607 nigrorum

324 1633 548 1723 Gentilium,
569 1657 656 1707 eum
674 1631 845 1705 exercitu
855 1629 1178 1731 Alienigenarum,
1198 1655 1294 1728 quos
1311 1653 1440 1705 secum
1458 1629 1633 1706 adduxit.
1674 1631 1808 1706 Postea
1820 1630 1914 1708 exiit

326 1756 434 1830 Niali
450 1757 546 1830 iilius
562 1754 685 1828 Aedhi
700 1779 788 1828 cum
807 1753 893 1843 suis,
923 1779 972 1830 ex
985 1753 1140 1828 adverso
1159 1752 1380 1839 Gentilium,
1411 1753 1477 1849 qui
1493 1753 1798 1829 detrectaverunt
1815 1779 1911 1855 pug-

326 1879 469 1952 namin
496 1881 581 1953 loco
597 1877 680 1967 isto,
716 1879 849 1976 (prope
865 1889 985 1951 castra
1003 1875 1151 1974 Regis.)
1207 1874 1401 1950 Remansit
1420 1874 1526 1949 Niail
1543 1888 1678 1973 postea·
1698 1900 1764 1949 xx·
1786 1888 1913 1959 noctes

326 2001 365 2077 in
383 2001 521 2091 eastris,
542 2024 590 2074 ex
605 2001 761 2075 adverso
770 2000 992 2075 Gentilium.
1027 1997 1231 2099 Imperavit
1247 2021 1398 2095 quoque
1413 1996 1716 2097 Lageniensibus„
1738 2011 1783 2072 ut
1798 2023 1913 2074 unun-

323 2124 485 2222 quisque
498 2146 629 2198 eorum
647 2126 820 2198 maneret·
829 2121 999 2198 similiter
1016 2122 1056 2198 in
1071 2121 1213 2197 caetris.
1247 2120 1444 2221 Pugnavit
1460 2135 1584 2197 autem
1599 2122 1800 2198 victoriose
1814 2121 1914 2224 apud

326 2245 523 2335 Cinnfuat,
543 2259 678 2321 contra
702 2269 775 2334 eos,
809 2244 933 2318 Sitruc
957 2240 1118 2334 O’Imar,
1151 2243 1206 2317 ita
1236 2256 1280 2316 ut
1308 2243 1360 2317 ibi
1377 2243 1531 2319 occisus
1554 2259 1651 2320 esset
1667 2246 1798 2344 Augar
1813 2246 1921 2322 filiun

326 2368 451 2457 Alelii,
474 2367 557 2442 Rex
571 2367 756 2465 Lageniae‚
779 2378 819 2439 et
844 2363 1103 2440 Maeimordha
1123 2364 1222 2438 iilius
1241 2365 1452 2456 Mureeani,
1474 2366 1558 2440 Rex
1578 2367 1909 2463 orientalis-Liffri,

329 2488 594 2587 Maelmoedog
617 2489 713 2562 filius
732 2486 929 2578 Diarmitii,
947 2484 1104 2584 sapiens,
1138 2500 1176 2559 et
1194 2485 1402 2587 Episcopus
1420 2487 1604 2587 lugeam,
1635 2489 1791 2588 Augran
1815 2490 1913 2565 iilius

327 2611 535 2710 Cenntigii‚
572 2612 655 2686 Rex
674 2610 844 2710 Ingisiae,
874 2623 912 2683 et
939 2609 1063 2684 caeteri
1096 2609 1223 2698 duces,
1256 2623 1371 2707 atque
1402 2610 1557 2687 nobiles.
1608 2610 1736 2686 Sitruc
1764 2611 1912 2688 O'Imnr

327 2734 432 2807 venit
449 2733 622 2829 (deinde)
643 2732 879 2807 Dubiinium.
934 2733 1083 2807 Etiueu
1101 2732 1178 2808 filia
1192 2734 1302 2828 Aedi]
1326 2734 1473 2810 invem
1490 2733 1715 2835 penitencia,
1747 2734 1787 2810 in
1819 2733 1911 2814 feria

329 2855 498 2944 Martini,
518 2853 704 2929 defuncta
718 2869 785 2929 est.
1400 2898 1404 2908 ·

328 2981 398 3058 St.
424 2976 642 3066 vetet-roit-
702 2980 887 3054 Maelioin
917 2978 1119 3077 Princepe,'
1136 2989 1160 3058 7
1178 2978 1385 3078 Episcopus
1405 2980 1590 3071 Roiscrea,
1612 2981 1781 3058 Eioneeia·
1800 2982 1910 3058 Prin·-

330 3126 414 3199 ceps
429 3102 564 3177 Arnim
578 3103 701 3191 αἰνήν,
719 3102 908 3199 [Aranniae
927 3101 1134 3202 superioris,
1156 3126 1220 3177 seu
1239 3100 1467 3195 orientalia]
1485 3102 1627 3179 Daniel
1643 3103 1910 3205 Cluen-Coim-

326 3226 399 3317 the,
412 3226 550 3302 Sancta
564 3227 704 3316 amira,
718 3224 934 3322 [historicus
953 3224 1119 3320 nobilis‚]
1137 3225 1174 3298 in
1196 3251 1286 3325 pace
1303 3227 1544 3302 dormierunt.
1580 3229 1761 3303 Muirenn
1776 3229 1911 3330 ingiter

324 3338 513 3442 Suairtab,
532 3353 629 3426 atim
647 3350 833 3427 Citlectaro
861 3375 894 3449 q.
914 3347 1023 3425 Guill
1047 3348 1150 3425 ueta
1169 3346 1429 3423 Duckaeelrdo
1443 3350 1591 3451 deirgiu
1606 3375 1659 3440 er,
1691 3353 1725 3424 ·i·
1745 3353 1913 3451 Regnat!

323 3476 364 3547 ri
381 3472 564 3572 Dutgau,
584 3485 671 3558 7na
683 3476 733 3548 aa
748 3473 865 3549 Jarta
885 3473 921 3546 a'·
942 3470 1061 3562 onir,
1088 3485 1111 3553 7
1127 3470 1340 3569 Grogubai,
1374 3474 1568 3571 7⁸11th
1587 3475 1635 3548 do
1658 3474 1719 3549 dit
1736 3474 1854 3549 iareim
1870 3500 1910 3550 co

312 3597 400 3692 firu
417 3597 567 3672 Album.
595 3597 665 3672 Fir
683 3595 808 3671 Alban
827 3598 915 3670 douo
929 3619 1089 3670 arueemr
1099 3619 1172 3670 eom
1185 3619 1228 3670 eo
1245 3594 1589 3699 renuimrectarfor
1607 3598 1752 3674 brutine
1768 3602 1806 3674 la
1818 3598 1909 3676 Sur-

327 3744 403 3794 anu
420 3723 611 3811 tuuieceirt
621 3750 636 3809 ;
654 3724 770 3819 dogm
786 3731 847 3793 eat
865 3721 902 3792 in
918 3713 1221 3818 Genntifcethrai
1237 3715 1349 3792 cutia
1363 3718 1457 3807 dibu,
1480 3721 1516 3791 ·r’·
1533 3721 1631 3799 Cati
1650 3725 1687 3796 la
1704 3722 1910 3801 Gothbritie

327 3866 404 3914 uun
420 3844 542 3916 Imair
551 3872 566 3929 ;
612 3840 711 3917 cut
727 3843 784 3914 lau
800 3863 849 3914 ua
866 3841 913 3913 da
921 3839 1044 3916 -Jarla
1053 3867 1068 3925 ;
1098 3837 1197 3912 Cam
1215 3842 1271 3912 tar
1283 3838 1406 3915 naoct
1417 3841 1601 3936 Tigerua;
1635 3840 1733 3917 Cart
1761 3846 1854 3927 dano
1868 3848 1910 3920 la

330 3964 524 4062 Raghnull
546 3964 583 4034 in
600 3963 772 4049 Proieci,
802 3984 853 4034 na
869 3986 917 4033 nu
930 3959 1156 4058 decadarfir
1173 3959 1310 4034 Alban.
1364 3959 1499 4035 Roinir
1513 3959 1688 4061 refemib
1705 3964 1910 4065 Albnnfor

327 4098 404 4160 sna‘
420 4086 473 4159 tri
499 4084 608 4159 cutim
626 4086 675 4158 ad
690 4085 903 4173 conncadar,
925 4087 1081 4157 coroleat
1111 4107 1158 4158 ar
1184 4083 1330 4180 redimar
1345 4082 1432 4155 dina
1450 4083 1614 4159 Genntib
1630 4086 1677 4158 im
1693 4085 1802 4161 Ottir
1818 4100 1840 4170 7
1859 4088 1907 4164 im
2019 4171 2022 4175 ,

326 4207 562 4308 Graggabai.
616 4195 812 4302 Rughnall
825 4208 893 4280 don
911 4203 1169 4304 dofhuubairt
1187 4205 1367 4282 iurauidin
1383 4205 1396 4276 i
1405 4201 1590 4304 Iorgflrer
1605 4231 1631 4280 a
1647 4207 1772 4284 Alban
1788 4212 1910 4291 corula

321 4359 375 4409 er
389 4332 459 4423 dib,
475 4329 821 4429 ucht'nudfircubut
838 4329 937 4402 mua
949 4351 1126 4402 mormoer
1141 4326 1319 4401 dimidie„
1361 4325 1465 4401 Nom
1473 4352 1509 4426 p.
1519 4326 1616 4401 lium
1634 4328 1908 4407 dirimit-Ei-

326 4456 456 4554 rissam,
484 4453 645 4528 fanmsis.
665 4452 811 4553 Regina
826 4452 960 4527 Saxon.
983 4450 1250 4526 mor·.-—Coeud
1272 4450 1360 4524 ittir
1378 4449 1426 4526 N
1425 4450 1492 4523 iau
1508 4473 1586 4524 mac
1602 4451 1727 4528 Aedlro
1746 4456 1784 4527 ri
1807 4455 1907 4529 Tem·

329 4564 434 4668 racis
452 4587 479 4675 „7
497 4577 636 4652 Sitriue
653 4576 688 4649 ir.
701 4577 832 4652 Imair.
867 4573 1110 4653 Maetmirhid
1121 4597 1199 4649 mac
1218 4572 1445 4650 Fiannueain
1468 4573 1505 4647 ri
1523 4574 1714 4674 Cnogblrai
1729 4579 1771 4651 do
1788 4577 1853 4657 due
1868 4602 1909 4657 ce

326 4699 468 4774 Generi
479 4697 706 4797 srieoarradh
718 4698 909 4773 tmiscetrt
927 4700 1031 4796 Breg
1048 4699 1174 4775 amrin
1191 4695 1341 4788 Geumi,
1362 4722 1396 4795 q.
1415 4697 1506 4772 einl
1521 4722 1553 4770 c.
1570 4697 1669 4772 tulit
1722 4698 1912 4795 [Murenia

330 4822 406 4897 elia
424 4820 613 4911 Suartabii,
631 4821 829 4897 Abbatieaa
848 4819 1088 4911 Kildarensis,
1105 4819 1259 4916 quievit.
1313 4817 1544 4917 Alienigena*
1576 4820 1679 4895 lacus
1707 4820 1906 4899 Dachaech

657 4972 660 4976 -
1094 4940 1175 4992 nr
1484 4960 1573 4974 -·
1697 4961 1701 4972 ·
