<?xml version="1.0" encoding="UTF-8"?>
<!DOCTYPE html PUBLIC "-//W3C//DTD XHTML 1.0 Transitional//EN"
    "http://www.w3.org/TR/xhtml1/DTD/xhtml1-transitional.dtd">
<html xmlns="http://www.w3.org/1999/xhtml" xml:lang="en" lang="en">
 <head>
  <title>
</title>
<meta http-equiv="Content-Type" content="text/html;charset=utf-8" />
  <meta name='ocr-system' content='tesseract 3.04.00' />
  <meta name='ocr-capabilities' content='ocr_page ocr_carea ocr_par ocr_line ocrx_word'/>
</head>
<body>
  <div class='ocr_page' id='page_1' title='image "./rerumhibernicar00tigegoog_0134.png"; bbox 0 0 4446 6000; ppageno 0'>
   <div class='ocr_carea' id='block_1_1' title="bbox 600 864 1588 974">
    <p class='ocr_par' dir='ltr' id='par_1_1' title="bbox 600 864 1588 974">
     <span class='ocr_line' id='line_1_1' title="bbox 600 864 1588 974; baseline 0.002 -2"><span class='ocrx_word' id='word_1_1' title='bbox 600 870 1136 972; x_wconf 85' lang='lat' dir='ltr'>ANNOTATIONES</span> <span class='ocrx_word' id='word_1_2' title='bbox 1171 906 1247 972; x_wconf 81' lang='lat' dir='ltr'><strong>an</strong></span> <span class='ocrx_word' id='word_1_3' title='bbox 1282 864 1440 974; x_wconf 87' lang='lat' dir='ltr'><strong>SAEC.</strong></span> <span class='ocrx_word' id='word_1_4' title='bbox 1459 871 1588 974; x_wconf 85' lang='lat' dir='ltr'><strong>v111.</strong></span> 
     </span>
    </p>
   </div>
   <div class='ocr_carea' id='block_1_2' title="bbox 513 1364 1695 2026">
    <p class='ocr_par' dir='ltr' id='par_1_2' title="bbox 513 1364 1695 2026">
     <span class='ocr_line' id='line_1_2' title="bbox 513 1364 1695 1471; baseline 0.006 -27"><span class='ocrx_word' id='word_1_5' title='bbox 513 1369 573 1446; x_wconf 89' lang='lat' dir='ltr'><strong>De</strong></span> <span class='ocrx_word' id='word_1_6' title='bbox 605 1366 871 1445; x_wconf 76' lang='lat' dir='ltr'><strong>Vetustioribus</strong></span> <span class='ocrx_word' id='word_1_7' title='bbox 900 1365 1112 1467; x_wconf 82' lang='lat' dir='ltr'><strong>quibusdam</strong></span> <span class='ocrx_word' id='word_1_8' title='bbox 1129 1364 1334 1442; x_wconf 84' lang='lat' dir='ltr'><strong>Academiis</strong></span> <span class='ocrx_word' id='word_1_9' title='bbox 1355 1366 1579 1465; x_wconf 82' lang='lat' dir='ltr'><strong>Hibernicis,</strong></span> <span class='ocrx_word' id='word_1_10' title='bbox 1613 1399 1695 1471; x_wconf 81' lang='lat' dir='ltr'><strong>quae</strong></span> 
     </span>
     <span class='ocr_line' id='line_1_3' title="bbox 824 1561 1377 1638; baseline -0.002 0"><span class='ocrx_word' id='word_1_11' title='bbox 824 1563 969 1638; x_wconf 88' lang='lat' dir='ltr'><strong>Saeculo</strong></span> <span class='ocrx_word' id='word_1_12' title='bbox 990 1561 1091 1635; x_wconf 90' lang='lat' dir='ltr'>VIII</span> <span class='ocrx_word' id='word_1_13' title='bbox 1116 1573 1377 1638; x_wconf 86' lang='lat' dir='ltr'><strong>memorantur.</strong></span> 
     </span>
     <span class='ocr_line' id='line_1_4' title="bbox 1025 1732 1231 1819; baseline 0 -76"><span class='ocrx_word' id='word_1_14' title='bbox 1025 1775 1177 1819; x_wconf 51' lang='grc'><strong>,-</strong></span> <span class='ocrx_word' id='word_1_15' title='bbox 1226 1732 1231 1743; x_wconf 75' lang='grc'><strong><em>,</em></strong></span> 
     </span>
     <span class='ocr_line' id='line_1_5' title="bbox 912 1959 1325 2026; baseline 0 -1"><span class='ocrx_word' id='word_1_16' title='bbox 912 1959 1159 2025; x_wconf 82' lang='grc' dir='ltr'>ΑΝΝΟΤΑΤΙΟ</span> <span class='ocrx_word' id='word_1_17' title='bbox 1182 1961 1325 2026; x_wconf 72' lang='lat' dir='ltr'><strong>Puluis.-</strong></span> 
     </span>
    </p>
   </div>
   <div class='ocr_carea' id='block_1_3' title="bbox 266 2096 1905 4504">
    <p class='ocr_par' dir='ltr' id='par_1_3' title="bbox 266 2096 1900 3358">
     <span class='ocr_line' id='line_1_6' title="bbox 312 2096 1893 2224; baseline -0.002 -15"><span class='ocrx_word' id='word_1_18' title='bbox 312 2096 531 2209; x_wconf 80' lang='lat' dir='ltr'><strong>Arsonuno</strong></span> <span class='ocrx_word' id='word_1_19' title='bbox 539 2153 640 2207; x_wconf 86' lang='lat' dir='ltr'><strong>octavo</strong></span> <span class='ocrx_word' id='word_1_20' title='bbox 652 2144 756 2206; x_wconf 89' lang='lat' dir='ltr'><strong>borum</strong></span> <span class='ocrx_word' id='word_1_21' title='bbox 768 2144 927 2204; x_wconf 63' lang='lat' dir='ltr'><strong>sinoaldum</strong></span> <span class='ocrx_word' id='word_1_22' title='bbox 939 2145 1055 2217; x_wconf 75' lang='lat' dir='ltr'><strong>seculo,</strong></span> <span class='ocrx_word' id='word_1_23' title='bbox 1067 2144 1123 2205; x_wconf 79' lang='lat' dir='ltr'><strong>lies</strong></span> <span class='ocrx_word' id='word_1_24' title='bbox 1137 2145 1198 2222; x_wconf 85' lang='lat' dir='ltr'><strong>ipsa</strong></span> <span class='ocrx_word' id='word_1_25' title='bbox 1210 2146 1354 2224; x_wconf 84' lang='lat' dir='ltr'><strong>postulare</strong></span> <span class='ocrx_word' id='word_1_26' title='bbox 1370 2145 1520 2217; x_wconf 88' lang='lat' dir='ltr'><strong>videretur,</strong></span> <span class='ocrx_word' id='word_1_27' title='bbox 1535 2153 1569 2206; x_wconf 90' lang='lat' dir='ltr'><strong>nt</strong></span> <span class='ocrx_word' id='word_1_28' title='bbox 1582 2143 1714 2224; x_wconf 83' lang='lat' dir='ltr'><strong>quaedsm</strong></span> <span class='ocrx_word' id='word_1_29' title='bbox 1728 2145 1758 2206; x_wconf 92' lang='lat' dir='ltr'><strong>in</strong></span> <span class='ocrx_word' id='word_1_30' title='bbox 1767 2144 1893 2207; x_wconf 78' lang='lat' dir='ltr'>medinm</span> 
     </span>
     <span class='ocr_line' id='line_1_7' title="bbox 313 2248 1898 2329; baseline 0.002 -22"><span class='ocrx_word' id='word_1_31' title='bbox 313 2249 441 2321; x_wconf 82' lang='lat' dir='ltr'><strong>afferam,</strong></span> <span class='ocrx_word' id='word_1_32' title='bbox 452 2251 555 2327; x_wconf 89' lang='lat' dir='ltr'><strong>quibus</strong></span> <span class='ocrx_word' id='word_1_33' title='bbox 568 2260 676 2329; x_wconf 84' lang='lat' dir='ltr'><strong>pateat,</strong></span> <span class='ocrx_word' id='word_1_34' title='bbox 688 2269 789 2309; x_wconf 89' lang='lat' dir='ltr'><strong>eorum</strong></span> <span class='ocrx_word' id='word_1_35' title='bbox 801 2250 919 2328; x_wconf 83' lang='lat' dir='ltr'><strong>stylum,</strong></span> <span class='ocrx_word' id='word_1_36' title='bbox 933 2248 1033 2307; x_wconf 82' lang='lat' dir='ltr'><strong>misere</strong></span> <span class='ocrx_word' id='word_1_37' title='bbox 1046 2248 1161 2325; x_wconf 87' lang='lat' dir='ltr'><strong>quidam</strong></span> <span class='ocrx_word' id='word_1_38' title='bbox 1169 2248 1315 2324; x_wconf 88' lang='lat' dir='ltr'><strong>jejunum,</strong></span> <span class='ocrx_word' id='word_1_39' title='bbox 1328 2251 1440 2320; x_wconf 88' lang='lat' dir='ltr'><strong>rudem,</strong></span> <span class='ocrx_word' id='word_1_40' title='bbox 1454 2257 1483 2307; x_wconf 89' lang='lat' dir='ltr'><strong>et</strong></span> <span class='ocrx_word' id='word_1_41' title='bbox 1496 2259 1645 2327; x_wconf 75' lang='lat' dir='ltr'><strong>agrestem,</strong></span> <span class='ocrx_word' id='word_1_42' title='bbox 1669 2268 1727 2310; x_wconf 92' lang='lat' dir='ltr'><strong>non</strong></span> <span class='ocrx_word' id='word_1_43' title='bbox 1748 2250 1814 2312; x_wconf 89' lang='lat' dir='ltr'><strong>ideo</strong></span> <span class='ocrx_word' id='word_1_44' title='bbox 1837 2251 1898 2312; x_wconf 87' lang='lat' dir='ltr'><strong>istis</strong></span> 
     </span>
     <span class='ocr_line' id='line_1_8' title="bbox 315 2314 1899 2430; baseline 0.004 -21"><span class='ocrx_word' id='word_1_45' title='bbox 315 2351 389 2410; x_wconf 80' lang='lat' dir='ltr'><strong>vitiis</strong></span> <span class='ocrx_word' id='word_1_46' title='bbox 401 2355 541 2425; x_wconf 86' lang='lat' dir='ltr'><strong>laborare,</strong></span> <span class='ocrx_word' id='word_1_47' title='bbox 561 2355 630 2430; x_wconf 87' lang='lat' dir='ltr'><strong>quia</strong></span> <span class='ocrx_word' id='word_1_48' title='bbox 642 2354 749 2412; x_wconf 85' lang='lat' dir='ltr'><strong>Rerum</strong></span> <span class='ocrx_word' id='word_1_49' title='bbox 763 2364 909 2430; x_wconf 87' lang='lat' dir='ltr'><strong>gestarum</strong></span> <span class='ocrx_word' id='word_1_50' title='bbox 929 2352 1050 2429; x_wconf 86' lang='lat' dir='ltr'><strong>penuria</strong></span> <span class='ocrx_word' id='word_1_51' title='bbox 1064 2314 1242 2428; x_wconf 63' lang='lat' dir='ltr'><strong>scriptorem</strong></span> <span class='ocrx_word' id='word_1_52' title='bbox 1253 2350 1369 2427; x_wconf 85' lang='lat' dir='ltr'><strong>inopem</strong></span> <span class='ocrx_word' id='word_1_53' title='bbox 1389 2351 1557 2423; x_wconf 83' lang='lat' dir='ltr'><strong>reddiderit,</strong></span> <span class='ocrx_word' id='word_1_54' title='bbox 1578 2373 1634 2413; x_wconf 87' lang='lat' dir='ltr'><strong>nee</strong></span> <span class='ocrx_word' id='word_1_55' title='bbox 1647 2355 1716 2430; x_wconf 92' lang='lat' dir='ltr'><strong>quia</strong></span> <span class='ocrx_word' id='word_1_56' title='bbox 1735 2356 1763 2414; x_wconf 88' lang='lat' dir='ltr'><strong>ei</strong></span> <span class='ocrx_word' id='word_1_57' title='bbox 1783 2355 1899 2416; x_wconf 82' lang='lat' dir='ltr'><strong>defuere</strong></span> 
     </span>
     <span class='ocr_line' id='line_1_9' title="bbox 315 2453 1898 2534; baseline 0.003 -22"><span class='ocrx_word' id='word_1_58' title='bbox 315 2455 499 2531; x_wconf 81' lang='lat' dir='ltr'><strong>antiquiores,</strong></span> <span class='ocrx_word' id='word_1_59' title='bbox 511 2475 528 2513; x_wconf 90' lang='lat' dir='ltr'><strong>e</strong></span> <span class='ocrx_word' id='word_1_60' title='bbox 540 2457 642 2532; x_wconf 90' lang='lat' dir='ltr'><strong>quibus</strong></span> <span class='ocrx_word' id='word_1_61' title='bbox 655 2476 747 2515; x_wconf 87' lang='lat' dir='ltr'><strong>mores</strong></span> <span class='ocrx_word' id='word_1_62' title='bbox 757 2455 917 2527; x_wconf 88' lang='lat' dir='ltr'><strong>bominum,</strong></span> <span class='ocrx_word' id='word_1_63' title='bbox 930 2463 962 2514; x_wconf 92' lang='lat' dir='ltr'><strong>et</strong></span> <span class='ocrx_word' id='word_1_64' title='bbox 978 2457 1063 2513; x_wconf 92' lang='lat' dir='ltr'><strong>urbes</strong></span> <span class='ocrx_word' id='word_1_65' title='bbox 1075 2453 1237 2513; x_wconf 86' lang='lat' dir='ltr'><strong>describere</strong></span> <span class='ocrx_word' id='word_1_66' title='bbox 1255 2463 1363 2533; x_wconf 87' lang='lat' dir='ltr'><strong>posset,</strong></span> <span class='ocrx_word' id='word_1_67' title='bbox 1377 2462 1408 2513; x_wconf 89' lang='lat' dir='ltr'><strong>et</strong></span> <span class='ocrx_word' id='word_1_68' title='bbox 1421 2454 1539 2514; x_wconf 88' lang='lat' dir='ltr'><strong>utiliora</strong></span> <span class='ocrx_word' id='word_1_69' title='bbox 1552 2456 1717 2533; x_wconf 88' lang='lat' dir='ltr'><strong>depromere</strong></span> <span class='ocrx_word' id='word_1_70' title='bbox 1728 2474 1815 2534; x_wconf 91' lang='lat' dir='ltr'><strong>quam</strong></span> <span class='ocrx_word' id='word_1_71' title='bbox 1834 2474 1898 2534; x_wconf 80' lang='lat' dir='ltr'><strong>quoe</strong></span> 
     </span>
     <span class='ocr_line' id='line_1_10' title="bbox 315 2557 1897 2639; baseline 0.001 -21"><span class='ocrx_word' id='word_1_72' title='bbox 315 2560 543 2632; x_wconf 85' lang='lat' dir='ltr'><strong>tamsuccincta,</strong></span> <span class='ocrx_word' id='word_1_73' title='bbox 557 2570 589 2620; x_wconf 87' lang='lat' dir='ltr'><strong>et</strong></span> <span class='ocrx_word' id='word_1_74' title='bbox 601 2564 753 2621; x_wconf 87' lang='lat' dir='ltr'><strong>obscurata</strong></span> <span class='ocrx_word' id='word_1_75' title='bbox 765 2561 904 2621; x_wconf 86' lang='lat' dir='ltr'><strong>brevitate</strong></span> <span class='ocrx_word' id='word_1_76' title='bbox 917 2557 1185 2639; x_wconf 84' lang='lat' dir='ltr'><strong>perstringit-Sed</strong></span> <span class='ocrx_word' id='word_1_77' title='bbox 1209 2575 1277 2615; x_wconf 91' lang='lat' dir='ltr'><strong>cum</strong></span> <span class='ocrx_word' id='word_1_78' title='bbox 1290 2558 1417 2616; x_wconf 87' lang='lat' dir='ltr'><strong>Annales</strong></span> <span class='ocrx_word' id='word_1_79' title='bbox 1442 2557 1496 2636; x_wconf 90' lang='lat' dir='ltr'><strong>ipsi</strong></span> <span class='ocrx_word' id='word_1_80' title='bbox 1519 2560 1636 2619; x_wconf 80' lang='lat' dir='ltr'><strong>abunde</strong></span> <span class='ocrx_word' id='word_1_81' title='bbox 1660 2564 1825 2634; x_wconf 88' lang='lat' dir='ltr'><strong>ostendant,</strong></span> <span class='ocrx_word' id='word_1_82' title='bbox 1852 2581 1897 2620; x_wconf 90' lang='lat' dir='ltr'><strong>res</strong></span> 
     </span>
     <span class='ocr_line' id='line_1_11' title="bbox 316 2661 1898 2742; baseline 0 -19"><span class='ocrx_word' id='word_1_83' title='bbox 316 2673 408 2742; x_wconf 86' lang='lat' dir='ltr'><strong>gestas</strong></span> <span class='ocrx_word' id='word_1_84' title='bbox 420 2665 538 2724; x_wconf 88' lang='lat' dir='ltr'><strong>minime</strong></span> <span class='ocrx_word' id='word_1_85' title='bbox 550 2665 680 2736; x_wconf 82' lang='lat' dir='ltr'><strong>defuisse,</strong></span> <span class='ocrx_word' id='word_1_86' title='bbox 693 2674 723 2723; x_wconf 89' lang='lat' dir='ltr'><strong>et</strong></span> <span class='ocrx_word' id='word_1_87' title='bbox 739 2665 857 2723; x_wconf 89' lang='lat' dir='ltr'><strong>aliunde</strong></span> <span class='ocrx_word' id='word_1_88' title='bbox 870 2671 982 2724; x_wconf 86' lang='lat' dir='ltr'><strong>constet</strong></span> <span class='ocrx_word' id='word_1_89' title='bbox 994 2663 1100 2721; x_wconf 82' lang='lat' dir='ltr'><strong>exilem</strong></span> <span class='ocrx_word' id='word_1_90' title='bbox 1115 2661 1200 2720; x_wconf 87' lang='lat' dir='ltr'><strong>istam</strong></span> <span class='ocrx_word' id='word_1_91' title='bbox 1213 2662 1372 2721; x_wconf 86' lang='lat' dir='ltr'><strong>Historiam</strong></span> <span class='ocrx_word' id='word_1_92' title='bbox 1393 2663 1574 2724; x_wconf 86' lang='lat' dir='ltr'><strong>describendi</strong></span> <span class='ocrx_word' id='word_1_93' title='bbox 1600 2664 1779 2738; x_wconf 85' lang='lat' dir='ltr'><strong>methodum,</strong></span> <span class='ocrx_word' id='word_1_94' title='bbox 1804 2685 1824 2724; x_wconf 90' lang='lat' dir='ltr'><strong>a</strong></span> <span class='ocrx_word' id='word_1_95' title='bbox 1838 2665 1898 2726; x_wconf 87' lang='lat' dir='ltr'><strong>ficti</strong></span> 
     </span>
     <span class='ocr_line' id='line_1_12' title="bbox 316 2764 1899 2841; baseline 0.001 -15"><span class='ocrx_word' id='word_1_96' title='bbox 316 2767 427 2826; x_wconf 64' lang='lat' dir='ltr'><strong>odiam·</strong></span> <span class='ocrx_word' id='word_1_97' title='bbox 438 2769 606 2828; x_wconf 88' lang='lat' dir='ltr'><strong>commentis</strong></span> <span class='ocrx_word' id='word_1_98' title='bbox 630 2775 691 2825; x_wconf 88' lang='lat' dir='ltr'><strong>toto</strong></span> <span class='ocrx_word' id='word_1_99' title='bbox 710 2767 782 2824; x_wconf 86' lang='lat' dir='ltr'><strong>caelo</strong></span> <span class='ocrx_word' id='word_1_100' title='bbox 805 2766 955 2834; x_wconf 85' lang='lat' dir='ltr'><strong>diversam,</strong></span> <span class='ocrx_word' id='word_1_101' title='bbox 976 2765 1006 2821; x_wconf 89' lang='lat' dir='ltr'><strong>in</strong></span> <span class='ocrx_word' id='word_1_102' title='bbox 1017 2764 1333 2841; x_wconf 89' lang='lat' dir='ltr'><strong>Hibernia,apluribus</strong></span> <span class='ocrx_word' id='word_1_103' title='bbox 1348 2778 1425 2826; x_wconf 87' lang='lat' dir='ltr'><strong>retro</strong></span> <span class='ocrx_word' id='word_1_104' title='bbox 1436 2768 1657 2840; x_wconf 85' lang='lat' dir='ltr'><strong>saeculis,fuisse</strong></span> <span class='ocrx_word' id='word_1_105' title='bbox 1669 2770 1815 2841; x_wconf 87' lang='lat' dir='ltr'><strong>usitatam,</strong></span> <span class='ocrx_word' id='word_1_106' title='bbox 1833 2788 1899 2829; x_wconf 87' lang='lat' dir='ltr'><strong>eam</strong></span> 
     </span>
     <span class='ocr_line' id='line_1_13' title="bbox 318 2864 1899 2946; baseline 0.001 -18"><span class='ocrx_word' id='word_1_107' title='bbox 318 2870 393 2927; x_wconf 87' lang='lat' dir='ltr'><strong>enim</strong></span> <span class='ocrx_word' id='word_1_108' title='bbox 405 2870 498 2945; x_wconf 82' lang='lat' dir='ltr'><strong>sequti</strong></span> <span class='ocrx_word' id='word_1_109' title='bbox 507 2876 574 2927; x_wconf 86' lang='lat' dir='ltr'><strong>aunt</strong></span> <span class='ocrx_word' id='word_1_110' title='bbox 593 2867 674 2937; x_wconf 82' lang='lat' dir='ltr'><strong>Flon,</strong></span> <span class='ocrx_word' id='word_1_111' title='bbox 685 2866 844 2938; x_wconf 79' lang='lat' dir='ltr'><strong>Marianas,</strong></span> <span class='ocrx_word' id='word_1_112' title='bbox 858 2876 889 2925; x_wconf 88' lang='lat' dir='ltr'><strong>et</strong></span> <span class='ocrx_word' id='word_1_113' title='bbox 901 2864 1066 2943; x_wconf 79' lang='lat' dir='ltr'><strong>Yigemeed,</strong></span> <span class='ocrx_word' id='word_1_114' title='bbox 1079 2874 1110 2924; x_wconf 90' lang='lat' dir='ltr'><strong>et</strong></span> <span class='ocrx_word' id='word_1_115' title='bbox 1123 2886 1190 2925; x_wconf 91' lang='lat' dir='ltr'><strong>cum</strong></span> <span class='ocrx_word' id='word_1_116' title='bbox 1204 2868 1388 2942; x_wconf 77' lang='lat' dir='ltr'><strong>antiquiores,</strong></span> <span class='ocrx_word' id='word_1_117' title='bbox 1410 2869 1509 2927; x_wconf 85' lang='lat' dir='ltr'><strong>Rebus</strong></span> <span class='ocrx_word' id='word_1_118' title='bbox 1519 2870 1699 2946; x_wconf 85' lang='lat' dir='ltr'><strong>Theologicis</strong></span> <span class='ocrx_word' id='word_1_119' title='bbox 1709 2872 1821 2943; x_wconf 86' lang='lat' dir='ltr'><strong>intenti,</strong></span> <span class='ocrx_word' id='word_1_120' title='bbox 1841 2871 1899 2930; x_wconf 86' lang='lat' dir='ltr'><strong>Res</strong></span> 
     </span>
     <span class='ocr_line' id='line_1_14' title="bbox 318 2967 1900 3050; baseline 0.001 -20"><span class='ocrx_word' id='word_1_121' title='bbox 318 2970 422 3030; x_wconf 86' lang='lat' dir='ltr'><strong>Civiles</strong></span> <span class='ocrx_word' id='word_1_122' title='bbox 432 2972 479 3029; x_wconf 86' lang='lat' dir='ltr'><strong>vel</strong></span> <span class='ocrx_word' id='word_1_123' title='bbox 493 2969 610 3028; x_wconf 90' lang='lat' dir='ltr'><strong>omnino</strong></span> <span class='ocrx_word' id='word_1_124' title='bbox 620 2970 804 3047; x_wconf 83' lang='lat' dir='ltr'><strong>neglexerint,</strong></span> <span class='ocrx_word' id='word_1_125' title='bbox 824 2969 880 3038; x_wconf 82' lang='lat' dir='ltr'><strong>vel,</strong></span> <span class='ocrx_word' id='word_1_126' title='bbox 892 2967 1005 3046; x_wconf 91' lang='lat' dir='ltr'><strong>pietatis</strong></span> <span class='ocrx_word' id='word_1_127' title='bbox 1019 2968 1125 3040; x_wconf 90' lang='lat' dir='ltr'><strong>studio,</strong></span> <span class='ocrx_word' id='word_1_128' title='bbox 1138 2968 1187 3026; x_wconf 88' lang='lat' dir='ltr'><strong>vix</strong></span> <span class='ocrx_word' id='word_1_129' title='bbox 1201 2968 1259 3026; x_wconf 90' lang='lat' dir='ltr'><strong>alia</strong></span> <span class='ocrx_word' id='word_1_130' title='bbox 1272 2968 1470 3040; x_wconf 89' lang='lat' dir='ltr'><strong>delibaverint,</strong></span> <span class='ocrx_word' id='word_1_131' title='bbox 1489 2990 1575 3047; x_wconf 88' lang='lat' dir='ltr'><strong>quam</strong></span> <span class='ocrx_word' id='word_1_132' title='bbox 1589 2972 1744 3050; x_wconf 90' lang='lat' dir='ltr'><strong>impiorum</strong></span> <span class='ocrx_word' id='word_1_133' title='bbox 1762 2973 1900 3042; x_wconf 84' lang='lat' dir='ltr'><strong>facinora,</strong></span> 
     </span>
     <span class='ocr_line' id='line_1_15' title="bbox 319 3070 1900 3152; baseline -0.001 -20"><span class='ocrx_word' id='word_1_134' title='bbox 319 3090 382 3152; x_wconf 83' lang='lat' dir='ltr'><strong>quae</strong></span> <span class='ocrx_word' id='word_1_135' title='bbox 395 3074 496 3131; x_wconf 88' lang='lat' dir='ltr'><strong>animis</strong></span> <span class='ocrx_word' id='word_1_136' title='bbox 509 3072 668 3143; x_wconf 91' lang='lat' dir='ltr'><strong>hominum,</strong></span> <span class='ocrx_word' id='word_1_137' title='bbox 682 3081 716 3131; x_wconf 91' lang='lat' dir='ltr'><strong>ut</strong></span> <span class='ocrx_word' id='word_1_138' title='bbox 727 3072 873 3148; x_wconf 88' lang='lat' dir='ltr'><strong>fugienda,</strong></span> <span class='ocrx_word' id='word_1_139' title='bbox 882 3073 941 3131; x_wconf 88' lang='lat' dir='ltr'><strong>alte</strong></span> <span class='ocrx_word' id='word_1_140' title='bbox 953 3072 1190 3150; x_wconf 86' lang='lat' dir='ltr'><strong>insculperentur‚</strong></span> <span class='ocrx_word' id='word_1_141' title='bbox 1203 3070 1282 3143; x_wconf 87' lang='lat' dir='ltr'><strong>hine,</strong></span> <span class='ocrx_word' id='word_1_142' title='bbox 1295 3075 1332 3129; x_wconf 91' lang='lat' dir='ltr'><strong>ab</strong></span> <span class='ocrx_word' id='word_1_143' title='bbox 1346 3070 1389 3130; x_wconf 89' lang='lat' dir='ltr'><strong>his</strong></span> <span class='ocrx_word' id='word_1_144' title='bbox 1401 3071 1619 3148; x_wconf 82' lang='lat' dir='ltr'><strong>disquisionibas</strong></span> <span class='ocrx_word' id='word_1_145' title='bbox 1631 3072 1668 3129; x_wconf 91' lang='lat' dir='ltr'><strong>de</strong></span> <span class='ocrx_word' id='word_1_146' title='bbox 1677 3073 1762 3151; x_wconf 79' lang='lat' dir='ltr'><strong>stylo,</strong></span> <span class='ocrx_word' id='word_1_147' title='bbox 1786 3081 1818 3132; x_wconf 92' lang='lat' dir='ltr'><strong>et</strong></span> <span class='ocrx_word' id='word_1_148' title='bbox 1840 3092 1900 3131; x_wconf 89' lang='lat' dir='ltr'><strong>me·</strong></span> 
     </span>
     <span class='ocr_line' id='line_1_16' title="bbox 266 3174 1899 3254; baseline 0 -19"><span class='ocrx_word' id='word_1_149' title='bbox 266 3195 269 3202; x_wconf 92' lang='lat'>·</span> <span class='ocrx_word' id='word_1_150' title='bbox 318 3175 418 3246; x_wconf 88' lang='lat' dir='ltr'><strong>thodo,</strong></span> <span class='ocrx_word' id='word_1_151' title='bbox 432 3174 563 3233; x_wconf 88' lang='lat' dir='ltr'><strong>consulto</strong></span> <span class='ocrx_word' id='word_1_152' title='bbox 577 3175 733 3243; x_wconf 85' lang='lat' dir='ltr'><strong>declinans,</strong></span> <span class='ocrx_word' id='word_1_153' title='bbox 745 3195 839 3249; x_wconf 85' lang='lat' dir='ltr'><strong>pauca</strong></span> <span class='ocrx_word' id='word_1_154' title='bbox 849 3195 913 3251; x_wconf 83' lang='lat' dir='ltr'><strong>quae</strong></span> <span class='ocrx_word' id='word_1_155' title='bbox 923 3176 960 3232; x_wconf 85' lang='lat' dir='ltr'><strong>ad</strong></span> <span class='ocrx_word' id='word_1_156' title='bbox 972 3175 1116 3234; x_wconf 86' lang='lat' dir='ltr'><strong>Saeculum</strong></span> <span class='ocrx_word' id='word_1_157' title='bbox 1125 3175 1199 3234; x_wconf 89' lang='lat' dir='ltr'>VIII</span> <span class='ocrx_word' id='word_1_158' title='bbox 1216 3174 1407 3234; x_wconf 88' lang='lat' dir='ltr'><strong>Hiberuicum</strong></span> <span class='ocrx_word' id='word_1_159' title='bbox 1425 3175 1542 3254; x_wconf 87' lang='lat' dir='ltr'><strong>propius</strong></span> <span class='ocrx_word' id='word_1_160' title='bbox 1559 3175 1715 3248; x_wconf 85' lang='lat' dir='ltr'><strong>accedunt,</strong></span> <span class='ocrx_word' id='word_1_161' title='bbox 1729 3175 1899 3254; x_wconf 79' lang='lat' dir='ltr'><strong>prolixitatis</strong></span> 
     </span>
     <span class='ocr_line' id='line_1_17' title="bbox 319 3277 1473 3358; baseline 0.001 -21"><span class='ocrx_word' id='word_1_162' title='bbox 319 3279 494 3338; x_wconf 82' lang='lat' dir='ltr'><strong>declinandae</strong></span> <span class='ocrx_word' id='word_1_163' title='bbox 507 3296 603 3349; x_wconf 88' lang='lat' dir='ltr'><strong>causa,</strong></span> <span class='ocrx_word' id='word_1_164' title='bbox 625 3277 781 3336; x_wconf 90' lang='lat' dir='ltr'><strong>Lectorum</strong></span> <span class='ocrx_word' id='word_1_165' title='bbox 794 3278 897 3350; x_wconf 89' lang='lat' dir='ltr'><strong>oculis,</strong></span> <span class='ocrx_word' id='word_1_166' title='bbox 911 3299 999 3357; x_wconf 89' lang='lat' dir='ltr'><strong>quam</strong></span> <span class='ocrx_word' id='word_1_167' title='bbox 1013 3280 1176 3339; x_wconf 83' lang='lat' dir='ltr'><strong>brevissime</strong></span> <span class='ocrx_word' id='word_1_168' title='bbox 1190 3287 1305 3358; x_wconf 90' lang='lat' dir='ltr'><strong>potero,</strong></span> <span class='ocrx_word' id='word_1_169' title='bbox 1316 3298 1473 3358; x_wconf 82' lang='lat' dir='ltr'><strong>exponam.</strong></span> 
     </span>
    </p>

    <p class='ocr_par' dir='ltr' id='par_1_4' title="bbox 321 3383 1905 4504">
     <span class='ocr_line' id='line_1_18' title="bbox 362 3383 1901 3462; baseline -0.001 -18"><span class='ocrx_word' id='word_1_170' title='bbox 362 3384 545 3444; x_wconf 81' lang='lat' dir='ltr'><strong>Recentiores</strong></span> <span class='ocrx_word' id='word_1_171' title='bbox 556 3383 671 3461; x_wconf 89' lang='lat' dir='ltr'><strong>quidam</strong></span> <span class='ocrx_word' id='word_1_172' title='bbox 680 3383 832 3460; x_wconf 89' lang='lat' dir='ltr'><strong>antiquarii</strong></span> <span class='ocrx_word' id='word_1_173' title='bbox 841 3383 975 3455; x_wconf 90' lang='lat' dir='ltr'><strong>sentiunt,</strong></span> <span class='ocrx_word' id='word_1_174' title='bbox 984 3394 1051 3442; x_wconf 90' lang='lat' dir='ltr'><strong>ante</strong></span> <span class='ocrx_word' id='word_1_175' title='bbox 1062 3383 1214 3442; x_wconf 89' lang='lat' dir='ltr'><strong>Danorum</strong></span> <span class='ocrx_word' id='word_1_176' title='bbox 1223 3384 1389 3461; x_wconf 88' lang='lat' dir='ltr'><strong>ingressum,</strong></span> <span class='ocrx_word' id='word_1_177' title='bbox 1400 3385 1513 3462; x_wconf 83' lang='lat' dir='ltr'><strong>exleges</strong></span> <span class='ocrx_word' id='word_1_178' title='bbox 1526 3383 1612 3444; x_wconf 85' lang='lat' dir='ltr'><strong>fuisse</strong></span> <span class='ocrx_word' id='word_1_179' title='bbox 1622 3384 1773 3444; x_wconf 78' lang='lat' dir='ltr'><strong>HibernIae</strong></span> <span class='ocrx_word' id='word_1_180' title='bbox 1781 3384 1901 3454; x_wconf 86' lang='lat' dir='ltr'><strong>incolas,</strong></span> 
     </span>
     <span class='ocr_line' id='line_1_19' title="bbox 321 3486 1900 3567; baseline -0.003 -17"><span class='ocrx_word' id='word_1_181' title='bbox 321 3499 352 3550; x_wconf 89' lang='lat' dir='ltr'><strong>et</strong></span> <span class='ocrx_word' id='word_1_182' title='bbox 364 3489 481 3548; x_wconf 92' lang='lat' dir='ltr'><strong>omnino</strong></span> <span class='ocrx_word' id='word_1_183' title='bbox 492 3491 645 3557; x_wconf 64' lang='lat' dir='ltr'><strong>barbarum</strong></span> <span class='ocrx_word' id='word_1_184' title='bbox 665 3487 742 3566; x_wconf 90' lang='lat' dir='ltr'><strong>quod</strong></span> <span class='ocrx_word' id='word_1_185' title='bbox 764 3506 852 3565; x_wconf 90' lang='lat' dir='ltr'><strong>opera</strong></span> <span class='ocrx_word' id='word_1_186' title='bbox 871 3487 993 3567; x_wconf 85' lang='lat' dir='ltr'><strong>lapidea,</strong></span> <span class='ocrx_word' id='word_1_187' title='bbox 1014 3495 1088 3546; x_wconf 84' lang='lat' dir='ltr'><strong>artes</strong></span> <span class='ocrx_word' id='word_1_188' title='bbox 1107 3486 1252 3557; x_wconf 83' lang='lat' dir='ltr'><strong>liberales,</strong></span> <span class='ocrx_word' id='word_1_189' title='bbox 1263 3496 1293 3545; x_wconf 90' lang='lat' dir='ltr'><strong>et</strong></span> <span class='ocrx_word' id='word_1_190' title='bbox 1304 3487 1496 3560; x_wconf 86' lang='lat' dir='ltr'><strong>mechanicas,</strong></span> <span class='ocrx_word' id='word_1_191' title='bbox 1510 3507 1624 3566; x_wconf 89' lang='lat' dir='ltr'><strong>prorsus</strong></span> <span class='ocrx_word' id='word_1_192' title='bbox 1635 3487 1834 3567; x_wconf 81' lang='lat' dir='ltr'><strong>ignoraverint,</strong></span> <span class='ocrx_word' id='word_1_193' title='bbox 1853 3491 1900 3563; x_wconf 85' lang='grc'><strong>(1)</strong></span> 
     </span>
     <span class='ocr_line' id='line_1_20' title="bbox 323 3591 1904 3673; baseline -0.003 -18"><span class='ocrx_word' id='word_1_194' title='bbox 323 3613 415 3673; x_wconf 90' lang='lat' dir='ltr'><strong>neque</strong></span> <span class='ocrx_word' id='word_1_195' title='bbox 428 3614 447 3653; x_wconf 91' lang='lat' dir='ltr'><strong>a</strong></span> <span class='ocrx_word' id='word_1_196' title='bbox 458 3593 571 3652; x_wconf 88' lang='lat' dir='ltr'><strong>Giraldi</strong></span> <span class='ocrx_word' id='word_1_197' title='bbox 583 3592 719 3652; x_wconf 81' lang='lat' dir='ltr'><strong>conviciis</strong></span> <span class='ocrx_word' id='word_1_198' title='bbox 730 3591 933 3652; x_wconf 86' lang='lat' dir='ltr'><strong>discedendum</strong></span> <span class='ocrx_word' id='word_1_199' title='bbox 941 3611 1002 3652; x_wconf 91' lang='lat' dir='ltr'><strong>esse</strong></span> <span class='ocrx_word' id='word_1_200' title='bbox 1014 3592 1206 3670; x_wconf 89' lang='lat' dir='ltr'><strong>proclamant,</strong></span> <span class='ocrx_word' id='word_1_201' title='bbox 1219 3593 1268 3669; x_wconf 90' lang='lat' dir='ltr'><strong>qui</strong></span> <span class='ocrx_word' id='word_1_202' title='bbox 1279 3600 1405 3650; x_wconf 87' lang='lat' dir='ltr'><strong>vetustos</strong></span> <span class='ocrx_word' id='word_1_203' title='bbox 1419 3592 1563 3651; x_wconf 89' lang='lat' dir='ltr'><strong>Hibernos</strong></span> <span class='ocrx_word' id='word_1_204' title='bbox 1575 3593 1697 3669; x_wconf 88' lang='lat' dir='ltr'><strong>injuriis,</strong></span> <span class='ocrx_word' id='word_1_205' title='bbox 1714 3604 1746 3655; x_wconf 89' lang='lat' dir='ltr'><strong>et</strong></span> <span class='ocrx_word' id='word_1_206' title='bbox 1756 3593 1904 3672; x_wconf 81' lang='lat' dir='ltr'><strong>vituperiis</strong></span> 
     </span>
     <span class='ocr_line' id='line_1_21' title="bbox 321 3696 1903 3773; baseline -0.001 -15"><span class='ocrx_word' id='word_1_207' title='bbox 321 3698 475 3758; x_wconf 89' lang='lat' dir='ltr'><strong>innumeris</strong></span> <span class='ocrx_word' id='word_1_208' title='bbox 488 3697 781 3757; x_wconf 81' lang='lat' dir='ltr'><strong>cumulavit-lnbis</strong></span> <span class='ocrx_word' id='word_1_209' title='bbox 794 3698 975 3758; x_wconf 86' lang='lat' dir='ltr'><strong>contumeliis</strong></span> <span class='ocrx_word' id='word_1_210' title='bbox 987 3697 1146 3756; x_wconf 80' lang='lat' dir='ltr'><strong>refellendis</strong></span> <span class='ocrx_word' id='word_1_211' title='bbox 1160 3696 1305 3756; x_wconf 88' lang='lat' dir='ltr'><strong>immorari</strong></span> <span class='ocrx_word' id='word_1_212' title='bbox 1316 3715 1373 3755; x_wconf 92' lang='lat' dir='ltr'><strong>non</strong></span> <span class='ocrx_word' id='word_1_213' title='bbox 1387 3707 1431 3756; x_wconf 91' lang='lat' dir='ltr'><strong>est</strong></span> <span class='ocrx_word' id='word_1_214' title='bbox 1445 3697 1566 3766; x_wconf 87' lang='lat' dir='ltr'><strong>animus,</strong></span> <span class='ocrx_word' id='word_1_215' title='bbox 1587 3717 1646 3756; x_wconf 90' lang='lat' dir='ltr'><strong>non</strong></span> <span class='ocrx_word' id='word_1_216' title='bbox 1665 3698 1741 3755; x_wconf 87' lang='lat' dir='ltr'><strong>enim</strong></span> <span class='ocrx_word' id='word_1_217' title='bbox 1762 3717 1816 3773; x_wconf 91' lang='lat' dir='ltr'><strong>per</strong></span> <span class='ocrx_word' id='word_1_218' title='bbox 1828 3707 1903 3757; x_wconf 87' lang='lat' dir='ltr'><strong>tem·</strong></span> 
     </span>
     <span class='ocr_line' id='line_1_22' title="bbox 324 3799 1905 3880; baseline 0 -20"><span class='ocrx_word' id='word_1_219' title='bbox 324 3821 378 3880; x_wconf 89' lang='lat' dir='ltr'><strong>pus</strong></span> <span class='ocrx_word' id='word_1_220' title='bbox 389 3802 469 3872; x_wconf 90' lang='lat' dir='ltr'><strong>licet,</strong></span> <span class='ocrx_word' id='word_1_221' title='bbox 482 3820 573 3876; x_wconf 83' lang='lat' dir='ltr'><strong>neque</strong></span> <span class='ocrx_word' id='word_1_222' title='bbox 583 3801 605 3858; x_wconf 88' lang='lat' dir='ltr'><strong>si</strong></span> <span class='ocrx_word' id='word_1_223' title='bbox 615 3801 725 3872; x_wconf 81' lang='lat' dir='ltr'><strong>liceret,</strong></span> <span class='ocrx_word' id='word_1_224' title='bbox 745 3801 775 3858; x_wconf 92' lang='lat' dir='ltr'><strong>id</strong></span> <span class='ocrx_word' id='word_1_225' title='bbox 788 3801 833 3859; x_wconf 87' lang='lat' dir='ltr'><strong>vel</strong></span> <span class='ocrx_word' id='word_1_226' title='bbox 846 3801 958 3859; x_wconf 89' lang='lat' dir='ltr'><strong>indoles</strong></span> <span class='ocrx_word' id='word_1_227' title='bbox 977 3799 1110 3870; x_wconf 85' lang='lat' dir='ltr'><strong>sinit,vel</strong></span> <span class='ocrx_word' id='word_1_228' title='bbox 1132 3800 1282 3870; x_wconf 89' lang='lat' dir='ltr'><strong>industria,</strong></span> <span class='ocrx_word' id='word_1_229' title='bbox 1302 3819 1321 3858; x_wconf 92' lang='lat' dir='ltr'><strong>a</strong></span> <span class='ocrx_word' id='word_1_230' title='bbox 1343 3800 1443 3862; x_wconf 87' lang='lat' dir='ltr'><strong>studiis</strong></span> <span class='ocrx_word' id='word_1_231' title='bbox 1456 3802 1582 3878; x_wconf 86' lang='lat' dir='ltr'><strong>partium</strong></span> <span class='ocrx_word' id='word_1_232' title='bbox 1595 3802 1701 3868; x_wconf 87' lang='lat' dir='ltr'><strong>aliena,</strong></span> <span class='ocrx_word' id='word_1_233' title='bbox 1720 3800 1905 3860; x_wconf 85' lang='lat' dir='ltr'><strong>concedit.-</strong></span> 
     </span>
     <span class='ocr_line' id='line_1_23' title="bbox 327 3902 1903 3981; baseline -0.003 -16"><span class='ocrx_word' id='word_1_234' title='bbox 327 3907 382 3965; x_wconf 89' lang='lat' dir='ltr'><strong>Sed</strong></span> <span class='ocrx_word' id='word_1_235' title='bbox 396 3923 463 3963; x_wconf 89' lang='lat' dir='ltr'><strong>cum</strong></span> <span class='ocrx_word' id='word_1_236' title='bbox 475 3904 505 3961; x_wconf 89' lang='lat' dir='ltr'><strong>in</strong></span> <span class='ocrx_word' id='word_1_237' title='bbox 512 3904 718 3961; x_wconf 77' lang='lat' dir='ltr'><strong>Dissertatione</strong></span> <span class='ocrx_word' id='word_1_238' title='bbox 725 3902 911 3961; x_wconf 79' lang='lat' dir='ltr'><strong>Preliminon&#39;</strong></span> <span class='ocrx_word' id='word_1_239' title='bbox 924 3903 979 3960; x_wconf 85' lang='lat' dir='ltr'><strong>Res</strong></span> <span class='ocrx_word' id='word_1_240' title='bbox 989 3903 1170 3973; x_wconf 89' lang='lat' dir='ltr'><strong>Hibernicas,</strong></span> <span class='ocrx_word' id='word_1_241' title='bbox 1187 3904 1289 3961; x_wconf 90' lang='lat' dir='ltr'><strong>ordine</strong></span> <span class='ocrx_word' id='word_1_242' title='bbox 1298 3903 1519 3981; x_wconf 89' lang='lat' dir='ltr'><strong>Chronologico,</strong></span> <span class='ocrx_word' id='word_1_243' title='bbox 1527 3904 1662 3981; x_wconf 90' lang='lat' dir='ltr'><strong>usquead</strong></span> <span class='ocrx_word' id='word_1_244' title='bbox 1677 3903 1821 3963; x_wconf 76' lang='lat' dir='ltr'><strong>seculum</strong></span> <span class='ocrx_word' id='word_1_245' title='bbox 1829 3903 1903 3963; x_wconf 92' lang='lat' dir='ltr'><strong>Vlll</strong></span> 
     </span>
     <span class='ocr_line' id='line_1_24' title="bbox 326 4003 1904 4086; baseline -0.003 -16"><span class='ocrx_word' id='word_1_246' title='bbox 326 4008 472 4070; x_wconf 88' lang='lat' dir='ltr'><strong>succincte</strong></span> <span class='ocrx_word' id='word_1_247' title='bbox 483 4005 683 4083; x_wconf 86' lang='lat' dir='ltr'><strong>perstringens,</strong></span> <span class='ocrx_word' id='word_1_248' title='bbox 697 4005 851 4064; x_wconf 88' lang='lat' dir='ltr'><strong>illustrium</strong></span> <span class='ocrx_word' id='word_1_249' title='bbox 870 4006 1052 4083; x_wconf 90' lang='lat' dir='ltr'><strong>antiquorum</strong></span> <span class='ocrx_word' id='word_1_250' title='bbox 1066 4008 1232 4068; x_wconf 82' lang='lat' dir='ltr'><strong>testimoniis</strong></span> <span class='ocrx_word' id='word_1_251' title='bbox 1247 4009 1357 4086; x_wconf 90' lang='lat' dir='ltr'><strong>amplis,</strong></span> <span class='ocrx_word' id='word_1_252' title='bbox 1367 4009 1523 4085; x_wconf 75' lang='lat' dir='ltr'><strong>preclaris,</strong></span> <span class='ocrx_word' id='word_1_253' title='bbox 1540 4007 1621 4066; x_wconf 90' lang='lat' dir='ltr'><strong>nulla</strong></span> <span class='ocrx_word' id='word_1_254' title='bbox 1642 4003 1748 4065; x_wconf 90' lang='lat' dir='ltr'><strong>invidia</strong></span> <span class='ocrx_word' id='word_1_255' title='bbox 1766 4005 1904 4077; x_wconf 87' lang='lat' dir='ltr'><strong>delendis,</strong></span> 
     </span>
     <span class='ocr_line' id='line_1_25' title="bbox 326 4104 1904 4187; baseline -0.001 -17"><span class='ocrx_word' id='word_1_256' title='bbox 326 4106 589 4178; x_wconf 86' lang='lat' dir='ltr'><strong>demonstraverim,</strong></span> <span class='ocrx_word' id='word_1_257' title='bbox 604 4107 859 4185; x_wconf 84' lang='lat' dir='ltr'><strong>Nordanhymbros</strong></span> <span class='ocrx_word' id='word_1_258' title='bbox 872 4110 1032 4169; x_wconf 89' lang='lat' dir='ltr'><strong>Literarum</strong></span> <span class='ocrx_word' id='word_1_259' title='bbox 1046 4130 1128 4169; x_wconf 91' lang='lat' dir='ltr'><strong>usum</strong></span> <span class='ocrx_word' id='word_1_260' title='bbox 1137 4113 1257 4187; x_wconf 81' lang='lat' dir='ltr'><strong>primam</strong></span> <span class='ocrx_word' id='word_1_261' title='bbox 1268 4113 1306 4170; x_wconf 92' lang='lat' dir='ltr'><strong>ab</strong></span> <span class='ocrx_word' id='word_1_262' title='bbox 1320 4110 1453 4170; x_wconf 85' lang='lat' dir='ltr'><strong>Hibernis</strong></span> <span class='ocrx_word' id='word_1_263' title='bbox 1465 4108 1606 4179; x_wconf 86' lang='lat' dir='ltr'><strong>didicisse,</strong></span> <span class='ocrx_word' id='word_1_264' title='bbox 1620 4116 1650 4168; x_wconf 87' lang='lat' dir='ltr'><strong>et</strong></span> <span class='ocrx_word' id='word_1_265' title='bbox 1668 4104 1832 4166; x_wconf 67' lang='lat' dir='ltr'><strong>Condere»</strong></span> <span class='ocrx_word' id='word_1_266' title='bbox 1844 4127 1904 4168; x_wconf 88' lang='lat' dir='ltr'><strong>nou</strong></span> 
     </span>
     <span class='ocr_line' id='line_1_26' title="bbox 327 4210 1901 4292; baseline -0.002 -17"><span class='ocrx_word' id='word_1_267' title='bbox 327 4215 405 4276; x_wconf 84' lang='lat' dir='ltr'><strong>eliud</strong></span> <span class='ocrx_word' id='word_1_268' title='bbox 417 4232 504 4292; x_wconf 85' lang='lat' dir='ltr'><strong>quam</strong></span> <span class='ocrx_word' id='word_1_269' title='bbox 518 4210 708 4272; x_wconf 88' lang='lat' dir='ltr'><strong>candidissimi</strong></span> <span class='ocrx_word' id='word_1_270' title='bbox 720 4211 856 4269; x_wconf 88' lang='lat' dir='ltr'><strong>Historici</strong></span> <span class='ocrx_word' id='word_1_271' title='bbox 869 4213 993 4270; x_wconf 90' lang='lat' dir='ltr'><strong>officium</strong></span> <span class='ocrx_word' id='word_1_272' title='bbox 1006 4213 1176 4290; x_wconf 76' lang='lat' dir='ltr'><strong>prestitisse,</strong></span> <span class='ocrx_word' id='word_1_273' title='bbox 1191 4211 1305 4289; x_wconf 90' lang='lat' dir='ltr'><strong>quando</strong></span> <span class='ocrx_word' id='word_1_274' title='bbox 1319 4211 1492 4289; x_wconf 89' lang='lat' dir='ltr'><strong>scripsit-“</strong></span> <span class='ocrx_word' id='word_1_275' title='bbox 1503 4211 1731 4289; x_wconf 67' lang='lat' dir='ltr'><strong>elogio-saxones</strong></span> <span class='ocrx_word' id='word_1_276' title='bbox 1742 4212 1776 4271; x_wconf 90' lang='lat' dir='ltr'><strong>iis</strong></span> <span class='ocrx_word' id='word_1_277' title='bbox 1791 4220 1901 4292; x_wconf 91' lang='lat' dir='ltr'><strong>tempo·</strong></span> 
     </span>
     <span class='ocr_line' id='line_1_27' title="bbox 329 4315 1905 4394; baseline -0.001 -17"><span class='ocrx_word' id='word_1_278' title='bbox 329 4323 348 4354; x_wconf 88' lang='lat'><strong>“</strong></span> <span class='ocrx_word' id='word_1_279' title='bbox 370 4321 448 4377; x_wconf 91' lang='lat' dir='ltr'><strong>ribus</strong></span> <span class='ocrx_word' id='word_1_280' title='bbox 457 4319 488 4376; x_wconf 93' lang='lat' dir='ltr'><strong>in</strong></span> <span class='ocrx_word' id='word_1_281' title='bbox 499 4316 678 4386; x_wconf 90' lang='lat' dir='ltr'><strong>Hiberniam,</strong></span> <span class='ocrx_word' id='word_1_282' title='bbox 692 4327 828 4392; x_wconf 88' lang='lat' dir='ltr'><strong>tanquam</strong></span> <span class='ocrx_word' id='word_1_283' title='bbox 842 4318 878 4374; x_wconf 93' lang='lat' dir='ltr'><strong>ad</strong></span> <span class='ocrx_word' id='word_1_284' title='bbox 890 4319 1030 4374; x_wconf 89' lang='lat' dir='ltr'><strong>bonarum</strong></span> <span class='ocrx_word' id='word_1_285' title='bbox 1044 4315 1190 4374; x_wconf 89' lang='lat' dir='ltr'><strong>literarum</strong></span> <span class='ocrx_word' id='word_1_286' title='bbox 1204 4322 1395 4373; x_wconf 82' lang='lat' dir='ltr'><strong>mercaturam</strong></span> <span class='ocrx_word' id='word_1_287' title='bbox 1404 4315 1552 4375; x_wconf 89' lang='lat' dir='ltr'><strong>confluere</strong></span> <span class='ocrx_word' id='word_1_288' title='bbox 1562 4317 1690 4390; x_wconf 86' lang='lat' dir='ltr'><strong>solitos,”</strong></span> <span class='ocrx_word' id='word_1_289' title='bbox 1701 4315 1788 4394; x_wconf 57' lang='lat' dir='ltr'><strong>(fiet</strong></span> <span class='ocrx_word' id='word_1_290' title='bbox 1799 4316 1905 4376; x_wconf 81' lang='lat' dir='ltr'><strong>Bedavrr</strong></span> 
     </span>
     <span class='ocr_line' id='line_1_28' title="bbox 326 4418 1903 4504; baseline -0.001 -20"><span class='ocrx_word' id='word_1_291' title='bbox 326 4424 434 4504; x_wconf 88' lang='lat' dir='ltr'><strong>pariter</strong></span> <span class='ocrx_word' id='word_1_292' title='bbox 443 4423 595 4483; x_wconf 85' lang='lat' dir='ltr'><strong>Historicae</strong></span> <span class='ocrx_word' id='word_1_293' title='bbox 609 4419 718 4479; x_wconf 87' lang='lat' dir='ltr'><strong>veritati</strong></span> <span class='ocrx_word' id='word_1_294' title='bbox 732 4438 840 4478; x_wconf 92' lang='lat' dir='ltr'><strong>morem</strong></span> <span class='ocrx_word' id='word_1_295' title='bbox 850 4419 975 4498; x_wconf 89' lang='lat' dir='ltr'><strong>gessisse,</strong></span> <span class='ocrx_word' id='word_1_296' title='bbox 989 4419 1100 4490; x_wconf 82' lang='lat' dir='ltr'><strong>eadem,</strong></span> <span class='ocrx_word' id='word_1_297' title='bbox 1113 4438 1165 4477; x_wconf 90' lang='lat' dir='ltr'><strong>suo</strong></span> <span class='ocrx_word' id='word_1_298' title='bbox 1179 4418 1366 4498; x_wconf 82' lang='lat' dir='ltr'><strong>irrefragabili</strong></span> <span class='ocrx_word' id='word_1_299' title='bbox 1377 4421 1552 4495; x_wconf 84' lang='lat' dir='ltr'><strong>testimonio,</strong></span> <span class='ocrx_word' id='word_1_300' title='bbox 1565 4423 1673 4484; x_wconf 88' lang='lat' dir='ltr'><strong>amille</strong></span> <span class='ocrx_word' id='word_1_301' title='bbox 1687 4421 1903 4482; x_wconf 90' lang='lat' dir='ltr'><strong>ducentisannis</strong></span> 
     </span>
    </p>
   </div>
   <div class='ocr_carea' id='block_1_4' title="bbox 331 4740 1333 4889">
    <p class='ocr_par' dir='ltr' id='par_1_5' title="bbox 331 4740 1333 4889">
     <span class='ocr_line' id='line_1_29' title="bbox 331 4740 1333 4813; baseline 0.007 -24"><span class='ocrx_word' id='word_1_302' title='bbox 331 4740 376 4806; x_wconf 81' lang='lat'><strong>(1)</strong></span> <span class='ocrx_word' id='word_1_303' title='bbox 394 4742 552 4808; x_wconf 78' lang='lat' dir='ltr'><strong>Arclsaeologia</strong></span> <span class='ocrx_word' id='word_1_304' title='bbox 562 4742 640 4792; x_wconf 80' lang='lat' dir='ltr'><strong>lond.</strong></span> <span class='ocrx_word' id='word_1_305' title='bbox 651 4749 722 4801; x_wconf 81' lang='grc'><strong>1787,</strong></span> <span class='ocrx_word' id='word_1_306' title='bbox 733 4743 782 4793; x_wconf 86' lang='lat' dir='ltr'><strong>vol.</strong></span> <span class='ocrx_word' id='word_1_307' title='bbox 794 4747 818 4803; x_wconf 82' lang='lat'><strong>8,</strong></span> <span class='ocrx_word' id='word_1_308' title='bbox 829 4759 885 4811; x_wconf 79' lang='lat' dir='ltr'><strong>pag.</strong></span> <span class='ocrx_word' id='word_1_309' title='bbox 897 4747 955 4795; x_wconf 79' lang='lat'><strong>186.</strong></span> <span class='ocrx_word' id='word_1_310' title='bbox 989 4744 1100 4797; x_wconf 64' lang='lat' dir='ltr'><strong>huvel</strong></span> <span class='ocrx_word' id='word_1_311' title='bbox 1110 4743 1195 4812; x_wconf 72' lang='lat' dir='ltr'><strong>bouq.</strong></span> <span class='ocrx_word' id='word_1_312' title='bbox 1207 4760 1264 4813; x_wconf 77' lang='lat' dir='ltr'><strong>peg-</strong></span> <span class='ocrx_word' id='word_1_313' title='bbox 1277 4751 1333 4800; x_wconf 78' lang='lat'><strong>141.</strong></span> 
     </span>
     <span class='ocr_line' id='line_1_30' title="bbox 332 4820 753 4889; baseline 0.007 -18"><span class='ocrx_word' id='word_1_314' title='bbox 332 4821 379 4889; x_wconf 80' lang='lat'><strong>(2)</strong></span> <span class='ocrx_word' id='word_1_315' title='bbox 395 4820 505 4872; x_wconf 79' lang='lat' dir='ltr'><strong>Camden</strong></span> <span class='ocrx_word' id='word_1_316' title='bbox 514 4822 616 4874; x_wconf 81' lang='lat' dir='ltr'><strong>Hiberis.</strong></span> <span class='ocrx_word' id='word_1_317' title='bbox 628 4839 684 4889; x_wconf 80' lang='lat' dir='ltr'><strong>pag.</strong></span> <span class='ocrx_word' id='word_1_318' title='bbox 695 4827 753 4874; x_wconf 76' lang='grc'><strong>730.</strong></span> 
     </span>
    </p>
   </div>
   <div class='ocr_carea' id='block_1_5' title="bbox 937 4901 964 4953">
    <p class='ocr_par' dir='ltr' id='par_1_6' title="bbox 937 4901 964 4953">
     <span class='ocr_line' id='line_1_31' title="bbox 937 4901 964 4953; baseline 0 0"><span class='ocrx_word' id='word_1_319' title='bbox 937 4901 964 4953; x_wconf 80' lang='lat' dir='ltr'><strong>tt</strong></span> 
     </span>
    </p>
   </div>
   <div class='ocr_carea' id='block_1_6' title="bbox 0 0 2253 6000">
    <p class='ocr_par' dir='ltr' id='par_1_7' title="bbox 0 0 2253 6000">
     <span class='ocr_line' id='line_1_32' title="bbox 0 0 2253 6000; baseline 0 0"><span class='ocrx_word' id='word_1_320' title='bbox 0 0 2253 6000; x_wconf 95' lang='lat' dir='ltr'><strong> </strong></span> 
     </span>
    </p>
   </div>
  </div>
 </body>
</html>
