<?xml version="1.0" encoding="UTF-8"?>
<!DOCTYPE html PUBLIC "-//W3C//DTD XHTML 1.0 Transitional//EN"
    "http://www.w3.org/TR/xhtml1/DTD/xhtml1-transitional.dtd">
<html xmlns="http://www.w3.org/1999/xhtml" xml:lang="en" lang="en">
 <head>
  <title>
</title>
<meta http-equiv="Content-Type" content="text/html;charset=utf-8" />
  <meta name='ocr-system' content='tesseract 3.04.00' />
  <meta name='ocr-capabilities' content='ocr_page ocr_carea ocr_par ocr_line ocrx_word'/>
</head>
<body>
  <div class='ocr_page' id='page_1' title='image "./rerumhibernicar00tigegoog_0077.png"; bbox 0 0 4446 6000; ppageno 0'>
   <div class='ocr_carea' id='block_1_1' title="bbox 371 460 1499 586">
    <p class='ocr_par' dir='ltr' id='par_1_1' title="bbox 371 460 1499 586">
     <span class='ocr_line' id='line_1_1' title="bbox 371 460 1499 586; baseline -0.015 0"><span class='ocrx_word' id='word_1_1' title='bbox 371 486 440 586; x_wconf 72' lang='lat'>64</span> <span class='ocrx_word' id='word_1_2' title='bbox 808 505 1069 577; x_wconf 72' lang='lat' dir='ltr'>sansures</span> <span class='ocrx_word' id='word_1_3' title='bbox 1099 460 1499 569; x_wconf 77' lang='lat' dir='ltr'>aaronisnsus.</span> 
     </span>
    </p>
   </div>
   <div class='ocr_carea' id='block_1_2' title="bbox 364 682 1944 2858">
    <p class='ocr_par' dir='ltr' id='par_1_2' title="bbox 370 682 1944 912">
     <span class='ocr_line' id='line_1_2' title="bbox 370 682 1944 791; baseline -0.006 -20"><span class='ocrx_word' id='word_1_4' title='bbox 370 697 453 772; x_wconf 88' lang='lat' dir='ltr'>terii</span> <span class='ocrx_word' id='word_1_5' title='bbox 472 697 622 772; x_wconf 84' lang='lat' dir='ltr'>Finntin</span> <span class='ocrx_word' id='word_1_6' title='bbox 640 693 705 768; x_wconf 85' lang='lat' dir='ltr'>filii</span> <span class='ocrx_word' id='word_1_7' title='bbox 739 691 929 788; x_wconf 82' lang='lat' dir='ltr'>Finguine.</span> <span class='ocrx_word' id='word_1_8' title='bbox 963 686 1198 791; x_wconf 62' lang='lat' dir='ltr'>ddomnanus</span> <span class='ocrx_word' id='word_1_9' title='bbox 1231 683 1398 784; x_wconf 88' lang='lat' dir='ltr'>captivos</span> <span class='ocrx_word' id='word_1_10' title='bbox 1430 682 1543 758; x_wconf 79' lang='lat' dir='ltr'>duxit</span> <span class='ocrx_word' id='word_1_11' title='bbox 1568 682 1615 758; x_wconf 86' lang='lat' dir='ltr'>ad</span> <span class='ocrx_word' id='word_1_12' title='bbox 1650 682 1868 764; x_wconf 82' lang='lat' dir='ltr'>Hiberniam</span> <span class='ocrx_word' id='word_1_13' title='bbox 1882 689 1944 784; x_wconf 81' lang='lat' dir='ltr'>lx,·</span> 
     </span>
     <span class='ocr_line' id='line_1_3' title="bbox 374 806 1806 912; baseline -0.019 -17"><span class='ocrx_word' id='word_1_14' title='bbox 374 825 397 861; x_wconf 90' lang='lat'>“</span> <span class='ocrx_word' id='word_1_15' title='bbox 414 847 434 895; x_wconf 89' lang='lat' dir='ltr'>o</span> <span class='ocrx_word' id='word_1_16' title='bbox 451 819 604 893; x_wconf 79' lang='lat' dir='ltr'>ochoidlr</span> <span class='ocrx_word' id='word_1_17' title='bbox 618 814 827 889; x_wconf 77' lang='lat' dir='ltr'>cllaiditlz.”</span> <span class='ocrx_word' id='word_1_18' title='bbox 853 815 891 908; x_wconf 81' lang='lat' dir='ltr'>[a</span> <span class='ocrx_word' id='word_1_19' title='bbox 903 834 1033 907; x_wconf 91' lang='lat' dir='ltr'>campo</span> <span class='ocrx_word' id='word_1_20' title='bbox 1048 806 1208 906; x_wconf 81' lang='lat' dir='ltr'>stragis]</span> <span class='ocrx_word' id='word_1_21' title='bbox 1228 806 1290 903; x_wconf 90' lang='lat' dir='ltr'>(l)</span> <span class='ocrx_word' id='word_1_22' title='bbox 1802 905 1806 912; x_wconf 92' lang='lat'>.</span> 
     </span>
    </p>

    <p class='ocr_par' dir='ltr' id='par_1_3' title="bbox 370 930 1942 1406">
     <span class='ocr_line' id='line_1_4' title="bbox 371 930 1942 1030; baseline -0.009 -4"><span class='ocrx_word' id='word_1_23' title='bbox 371 949 440 1025; x_wconf 76' lang='lat' dir='ltr'>aa</span> <span class='ocrx_word' id='word_1_24' title='bbox 464 943 524 1022; x_wconf 54' lang='grc' dir='ltr'>ωε</span> <span class='ocrx_word' id='word_1_25' title='bbox 540 946 616 1027; x_wconf 78' lang='lat' dir='ltr'>lm</span> <span class='ocrx_word' id='word_1_26' title='bbox 632 941 697 1017; x_wconf 75' lang='lat' dir='ltr'>aii.</span> <span class='ocrx_word' id='word_1_27' title='bbox 750 935 867 1021; x_wconf 87' lang='lat' dir='ltr'><strong>Quies</strong></span> <span class='ocrx_word' id='word_1_28' title='bbox 882 934 1010 1030; x_wconf 85' lang='lat' dir='ltr'>Segeni</span> <span class='ocrx_word' id='word_1_29' title='bbox 1024 930 1200 1030; x_wconf 85' lang='lat' dir='ltr'>Episcopi</span> <span class='ocrx_word' id='word_1_30' title='bbox 1217 930 1459 1006; x_wconf 87' lang='lat' dir='ltr'>Ardmachae.</span> <span class='ocrx_word' id='word_1_31' title='bbox 1513 931 1665 1007; x_wconf 88' lang='lat' dir='ltr'>Occisio</span> <span class='ocrx_word' id='word_1_32' title='bbox 1697 935 1850 1011; x_wconf 83' lang='lat' dir='ltr'>Conona</span> <span class='ocrx_word' id='word_1_33' title='bbox 1875 936 1942 1013; x_wconf 89' lang='lat' dir='ltr'>filii</span> 
     </span>
     <span class='ocr_line' id='line_1_5' title="bbox 370 1053 1935 1154; baseline -0.006 -12"><span class='ocrx_word' id='word_1_34' title='bbox 370 1067 570 1142; x_wconf 83' lang='lat' dir='ltr'>Gortnaid.</span> <span class='ocrx_word' id='word_1_35' title='bbox 604 1060 851 1136; x_wconf 80' lang='lat' dir='ltr'>Finnsneclrtu</span> <span class='ocrx_word' id='word_1_36' title='bbox 878 1056 1093 1132; x_wconf 88' lang='lat' dir='ltr'>clericatum</span> <span class='ocrx_word' id='word_1_37' title='bbox 1125 1053 1298 1153; x_wconf 88' lang='lat' dir='ltr'>suscepit.</span> <span class='ocrx_word' id='word_1_38' title='bbox 1354 1054 1498 1128; x_wconf 89' lang='lat' dir='ltr'>Bellum</span> <span class='ocrx_word' id='word_1_39' title='bbox 1532 1055 1712 1130; x_wconf 78' lang='lat' dir='ltr'>lmleocto</span> <span class='ocrx_word' id='word_1_40' title='bbox 1743 1056 1935 1154; x_wconf 85' lang='lat' dir='ltr'>pic.....nbi</span> 
     </span>
     <span class='ocr_line' id='line_1_6' title="bbox 372 1177 1942 1276; baseline -0.005 -13"><span class='ocrx_word' id='word_1_41' title='bbox 372 1189 509 1263; x_wconf 90' lang='lat' dir='ltr'>cecidit</span> <span class='ocrx_word' id='word_1_42' title='bbox 542 1183 785 1260; x_wconf 82' lang='lat' dir='ltr'>Dubdoinber</span> <span class='ocrx_word' id='word_1_43' title='bbox 815 1205 880 1254; x_wconf 87' lang='lat' dir='ltr'>rex</span> <span class='ocrx_word' id='word_1_44' title='bbox 914 1178 1218 1268; x_wconf 80' lang='lat' dir='ltr'>Ardacionocltte,</span> <span class='ocrx_word' id='word_1_45' title='bbox 1260 1190 1298 1251; x_wconf 89' lang='lat' dir='ltr'>et</span> <span class='ocrx_word' id='word_1_46' title='bbox 1332 1177 1548 1252; x_wconf 81' lang='lat' dir='ltr'>Haurcride</span> <span class='ocrx_word' id='word_1_47' title='bbox 1578 1201 1692 1276; x_wconf 90' lang='lat' dir='ltr'>nepos</span> <span class='ocrx_word' id='word_1_48' title='bbox 1721 1177 1861 1274; x_wconf 85' lang='lat' dir='ltr'>Osseni,</span> <span class='ocrx_word' id='word_1_49' title='bbox 1903 1194 1942 1257; x_wconf 88' lang='lat' dir='ltr'>et</span> 
     </span>
     <span class='ocr_line' id='line_1_7' title="bbox 371 1300 1812 1406; baseline -0.007 -20"><span class='ocrx_word' id='word_1_50' title='bbox 371 1308 580 1406; x_wconf 79' lang='lat' dir='ltr'>Congnlaclt</span> <span class='ocrx_word' id='word_1_51' title='bbox 599 1308 632 1379; x_wconf 86' lang='lat' dir='ltr'>ic</span> <span class='ocrx_word' id='word_1_52' title='bbox 646 1305 814 1400; x_wconf 84' lang='lat' dir='ltr'>Conaing</span> <span class='ocrx_word' id='word_1_53' title='bbox 825 1300 1012 1400; x_wconf 86' lang='lat' dir='ltr'>fugitivus</span> <span class='ocrx_word' id='word_1_54' title='bbox 1025 1300 1156 1392; x_wconf 12' lang='lat' dir='ltr'>&#39;evasit</span> <span class='ocrx_word' id='word_1_55' title='bbox 1209 1301 1322 1375; x_wconf 82' lang='lat' dir='ltr'>Niull</span> <span class='ocrx_word' id='word_1_56' title='bbox 1334 1325 1389 1375; x_wconf 87' lang='lat' dir='ltr'>mc</span> <span class='ocrx_word' id='word_1_57' title='bbox 1407 1300 1568 1397; x_wconf 81' lang='lat' dir='ltr'>Cernoig</span> <span class='ocrx_word' id='word_1_58' title='bbox 1585 1300 1707 1375; x_wconf 88' lang='lat' dir='ltr'>victor</span> <span class='ocrx_word' id='word_1_59' title='bbox 1724 1313 1812 1376; x_wconf 78' lang='lat' dir='ltr'>erat</span> 
     </span>
    </p>

    <p class='ocr_par' dir='ltr' id='par_1_4' title="bbox 367 1420 1942 2142">
     <span class='ocr_line' id='line_1_8' title="bbox 371 1420 1942 1531; baseline -0.004 -23"><span class='ocrx_word' id='word_1_60' title='bbox 371 1436 440 1512; x_wconf 70' lang='lat' dir='ltr'>ssa.</span> <span class='ocrx_word' id='word_1_61' title='bbox 459 1430 518 1524; x_wconf 57' lang='lat' dir='ltr'>dit</span> <span class='ocrx_word' id='word_1_62' title='bbox 532 1434 609 1515; x_wconf 75' lang='lat' dir='ltr'>lm</span> <span class='ocrx_word' id='word_1_63' title='bbox 627 1429 703 1507; x_wconf 74' lang='lat' dir='ltr'>at&#39;t&#39;t</span> <span class='ocrx_word' id='word_1_64' title='bbox 743 1420 860 1503; x_wconf 81' lang='lat' dir='ltr'>&#39;Jolan</span> <span class='ocrx_word' id='word_1_65' title='bbox 886 1423 1093 1523; x_wconf 88' lang='lat' dir='ltr'>Episcopus</span> <span class='ocrx_word' id='word_1_66' title='bbox 1120 1424 1331 1531; x_wconf 70' lang='lat' dir='ltr'>Cinngarat</span> <span class='ocrx_word' id='word_1_67' title='bbox 1354 1421 1458 1496; x_wconf 85' lang='lat' dir='ltr'>obiit.</span> <span class='ocrx_word' id='word_1_68' title='bbox 1489 1423 1733 1498; x_wconf 83' lang='lat' dir='ltr'>Finnsnecbto</span> <span class='ocrx_word' id='word_1_69' title='bbox 1748 1425 1942 1502; x_wconf 85' lang='lat' dir='ltr'>revertitur</span> 
     </span>
     <span class='ocr_line' id='line_1_9' title="bbox 368 1546 1942 1656; baseline -0.006 -23"><span class='ocrx_word' id='word_1_70' title='bbox 368 1559 415 1634; x_wconf 88' lang='lat' dir='ltr'>ad</span> <span class='ocrx_word' id='word_1_71' title='bbox 427 1582 593 1656; x_wconf 81' lang='lat' dir='ltr'>regnum.</span> <span class='ocrx_word' id='word_1_72' title='bbox 644 1554 666 1627; x_wconf 90' lang='lat' dir='ltr'>J</span> <span class='ocrx_word' id='word_1_73' title='bbox 673 1550 841 1650; x_wconf 88' lang='lat' dir='ltr'>ngulatio</span> <span class='ocrx_word' id='word_1_74' title='bbox 860 1546 1064 1623; x_wconf 85' lang='lat' dir='ltr'>Diarmodo</span> <span class='ocrx_word' id='word_1_75' title='bbox 1079 1549 1181 1623; x_wconf 74' lang='lat' dir='ltr'>Mitt</span> <span class='ocrx_word' id='word_1_76' title='bbox 1197 1548 1264 1621; x_wconf 87' lang='lat' dir='ltr'>filii</span> <span class='ocrx_word' id='word_1_77' title='bbox 1281 1547 1489 1644; x_wconf 83' lang='lat' dir='ltr'>Airmetoig</span> <span class='ocrx_word' id='word_1_78' title='bbox 1506 1548 1596 1622; x_wconf 90' lang='lat' dir='ltr'>ceci.</span> <span class='ocrx_word' id='word_1_79' title='bbox 1628 1547 1733 1623; x_wconf 88' lang='lat' dir='ltr'>Mors</span> <span class='ocrx_word' id='word_1_80' title='bbox 1761 1549 1942 1649; x_wconf 80' lang='lat' dir='ltr'>Catusaig</span> 
     </span>
     <span class='ocr_line' id='line_1_10' title="bbox 368 1669 1942 1782; baseline -0.005 -25"><span class='ocrx_word' id='word_1_81' title='bbox 368 1682 513 1782; x_wconf 79' lang='lat' dir='ltr'>nepotis</span> <span class='ocrx_word' id='word_1_82' title='bbox 532 1679 693 1754; x_wconf 86' lang='lat' dir='ltr'>Donnal.</span> <span class='ocrx_word' id='word_1_83' title='bbox 714 1674 836 1748; x_wconf 83' lang='lat' dir='ltr'>Bricc.</span> <span class='ocrx_word' id='word_1_84' title='bbox 857 1669 1053 1767; x_wconf 86' lang='lat' dir='ltr'>[Donnalli</span> <span class='ocrx_word' id='word_1_85' title='bbox 1081 1669 1284 1761; x_wconf 82' lang='lat' dir='ltr'>maculati]</span> <span class='ocrx_word' id='word_1_86' title='bbox 1335 1669 1473 1743; x_wconf 90' lang='lat' dir='ltr'>Obitus</span> <span class='ocrx_word' id='word_1_87' title='bbox 1507 1670 1668 1745; x_wconf 82' lang='lat' dir='ltr'>Docceni</span> <span class='ocrx_word' id='word_1_88' title='bbox 1693 1674 1794 1747; x_wconf 85' lang='lat' dir='ltr'>duire</span> <span class='ocrx_word' id='word_1_89' title='bbox 1824 1675 1942 1749; x_wconf 85' lang='lat' dir='ltr'>Mur·</span> 
     </span>
     <span class='ocr_line' id='line_1_11' title="bbox 368 1790 1942 1896; baseline -0.004 -18"><span class='ocrx_word' id='word_1_90' title='bbox 368 1806 492 1879; x_wconf 74' lang='lat' dir='ltr'>clinici.</span> <span class='ocrx_word' id='word_1_91' title='bbox 526 1797 715 1896; x_wconf 85' lang='lat' dir='ltr'>[Docenni</span> <span class='ocrx_word' id='word_1_92' title='bbox 744 1794 901 1869; x_wconf 89' lang='lat' dir='ltr'>Abbatis</span> <span class='ocrx_word' id='word_1_93' title='bbox 925 1791 1143 1866; x_wconf 87' lang='lat' dir='ltr'>Monasterii</span> <span class='ocrx_word' id='word_1_94' title='bbox 1163 1790 1339 1865; x_wconf 88' lang='lat' dir='ltr'>Roboreti</span> <span class='ocrx_word' id='word_1_95' title='bbox 1367 1792 1571 1887; x_wconf 83' lang='lat' dir='ltr'>maritimi]</span> <span class='ocrx_word' id='word_1_96' title='bbox 1624 1793 1728 1869; x_wconf 88' lang='lat' dir='ltr'>Mors</span> <span class='ocrx_word' id='word_1_97' title='bbox 1756 1794 1942 1896; x_wconf 85' lang='lat' dir='ltr'>Feradaig</span> 
     </span>
     <span class='ocr_line' id='line_1_12' title="bbox 367 1913 1939 2018; baseline -0.003 -18"><span class='ocrx_word' id='word_1_98' title='bbox 367 1952 424 2000; x_wconf 84' lang='lat' dir='ltr'>mc</span> <span class='ocrx_word' id='word_1_99' title='bbox 440 1923 646 1999; x_wconf 84' lang='lat' dir='ltr'>Tuutoloin.</span> <span class='ocrx_word' id='word_1_100' title='bbox 701 1919 805 1993; x_wconf 87' lang='lat' dir='ltr'>Mors</span> <span class='ocrx_word' id='word_1_101' title='bbox 832 1917 1049 1992; x_wconf 79' lang='lat' dir='ltr'>lidaeleduin</span> <span class='ocrx_word' id='word_1_102' title='bbox 1066 1917 1099 1990; x_wconf 89' lang='lat' dir='ltr'>ic</span> <span class='ocrx_word' id='word_1_103' title='bbox 1118 1914 1262 1990; x_wconf 88' lang='lat' dir='ltr'>Conaill</span> <span class='ocrx_word' id='word_1_104' title='bbox 1286 1913 1508 1989; x_wconf 82' lang='lat' dir='ltr'>Crunanma.</span> <span class='ocrx_word' id='word_1_105' title='bbox 1561 1915 1770 1993; x_wconf 86' lang='lat' dir='ltr'>Obscurata</span> <span class='ocrx_word' id='word_1_106' title='bbox 1785 1932 1841 1994; x_wconf 90' lang='lat' dir='ltr'>est</span> <span class='ocrx_word' id='word_1_107' title='bbox 1856 1944 1939 2018; x_wconf 87' lang='lat' dir='ltr'>pars</span> 
     </span>
     <span class='ocr_line' id='line_1_13' title="bbox 367 2046 1616 2142; baseline -0.008 -20"><span class='ocrx_word' id='word_1_108' title='bbox 367 2048 464 2122; x_wconf 87' lang='lat' dir='ltr'>solis.</span> <span class='ocrx_word' id='word_1_109' title='bbox 484 2046 543 2142; x_wconf 72' lang='lat'>(2)</span> <span class='ocrx_word' id='word_1_110' title='bbox 1449 2052 1452 2056; x_wconf 80' lang='grc'><strong>’</strong></span> <span class='ocrx_word' id='word_1_111' title='bbox 1613 2135 1616 2142; x_wconf 14' lang='grc' dir='ltr'><strong>Α</strong></span> 
     </span>
    </p>

    <p class='ocr_par' dir='ltr' id='par_1_5' title="bbox 364 2157 1942 2858">
     <span class='ocr_line' id='line_1_14' title="bbox 367 2157 1936 2263; baseline -0.004 -13"><span class='ocrx_word' id='word_1_112' title='bbox 367 2173 437 2250; x_wconf 74' lang='lat' dir='ltr'>aa.</span> <span class='ocrx_word' id='word_1_113' title='bbox 463 2169 521 2246; x_wconf 75' lang='lat' dir='ltr'>bs</span> <span class='ocrx_word' id='word_1_114' title='bbox 537 2172 614 2253; x_wconf 78' lang='lat' dir='ltr'>lm</span> <span class='ocrx_word' id='word_1_115' title='bbox 630 2168 678 2253; x_wconf 74' lang='lat' dir='ltr'>it.</span> <span class='ocrx_word' id='word_1_116' title='bbox 731 2165 875 2263; x_wconf 84' lang='lat' dir='ltr'>Congal</span> <span class='ocrx_word' id='word_1_117' title='bbox 891 2189 969 2255; x_wconf 83' lang='lat' dir='ltr'>moe</span> <span class='ocrx_word' id='word_1_118' title='bbox 988 2160 1209 2252; x_wconf 68' lang='lat' dir='ltr'>alienans,</span> <span class='ocrx_word' id='word_1_119' title='bbox 1227 2185 1283 2234; x_wconf 85' lang='lat' dir='ltr'>mc</span> <span class='ocrx_word' id='word_1_120' title='bbox 1297 2157 1397 2234; x_wconf 78' lang='lat' dir='ltr'>Aen</span> <span class='ocrx_word' id='word_1_121' title='bbox 1417 2159 1589 2253; x_wconf 85' lang='lat' dir='ltr'>Benaine,</span> <span class='ocrx_word' id='word_1_122' title='bbox 1608 2163 1690 2251; x_wconf 84' lang='lat' dir='ltr'>Rex</span> <span class='ocrx_word' id='word_1_123' title='bbox 1706 2165 1936 2262; x_wconf 83' lang='lat' dir='ltr'>Jarmumun,</span> 
     </span>
     <span class='ocr_line' id='line_1_15' title="bbox 366 2280 1934 2392; baseline -0.001 -23"><span class='ocrx_word' id='word_1_124' title='bbox 366 2293 622 2392; x_wconf 89' lang='lat' dir='ltr'>[occidentalis</span> <span class='ocrx_word' id='word_1_125' title='bbox 641 2287 876 2380; x_wconf 67' lang='lat' dir='ltr'>Momoniau]</span> <span class='ocrx_word' id='word_1_126' title='bbox 899 2299 937 2361; x_wconf 91' lang='lat' dir='ltr'>et</span> <span class='ocrx_word' id='word_1_127' title='bbox 951 2285 1174 2361; x_wconf 83' lang='lat' dir='ltr'>Dunnecaid</span> <span class='ocrx_word' id='word_1_128' title='bbox 1187 2306 1253 2356; x_wconf 88' lang='lat' dir='ltr'>mc·</span> <span class='ocrx_word' id='word_1_129' title='bbox 1274 2280 1453 2374; x_wconf 82' lang='lat' dir='ltr'>Oircdoit,</span> <span class='ocrx_word' id='word_1_130' title='bbox 1474 2297 1512 2358; x_wconf 89' lang='lat' dir='ltr'>et</span> <span class='ocrx_word' id='word_1_131' title='bbox 1529 2285 1646 2360; x_wconf 87' lang='lat' dir='ltr'>Ailill</span> <span class='ocrx_word' id='word_1_132' title='bbox 1661 2311 1715 2363; x_wconf 88' lang='lat' dir='ltr'>mc</span> <span class='ocrx_word' id='word_1_133' title='bbox 1731 2290 1934 2391; x_wconf 59' lang='lat' dir='ltr'>Dangalae,</span> 
     </span>
     <span class='ocr_line' id='line_1_16' title="bbox 366 2406 1942 2512; baseline -0.001 -21"><span class='ocrx_word' id='word_1_134' title='bbox 366 2417 480 2491; x_wconf 85' lang='lat' dir='ltr'>Eilne</span> <span class='ocrx_word' id='word_1_135' title='bbox 506 2440 561 2491; x_wconf 87' lang='lat' dir='ltr'>mc</span> <span class='ocrx_word' id='word_1_136' title='bbox 586 2413 755 2490; x_wconf 84' lang='lat' dir='ltr'>Scandail</span> <span class='ocrx_word' id='word_1_137' title='bbox 776 2407 943 2508; x_wconf 87' lang='lat' dir='ltr'>jugulati</span> <span class='ocrx_word' id='word_1_138' title='bbox 970 2420 1069 2482; x_wconf 89' lang='lat' dir='ltr'>sunt.</span> <span class='ocrx_word' id='word_1_139' title='bbox 1118 2406 1341 2481; x_wconf 88' lang='lat' dir='ltr'>Combustio</span> <span class='ocrx_word' id='word_1_140' title='bbox 1379 2407 1569 2482; x_wconf 82' lang='lat' dir='ltr'>Ardmocc.</span> <span class='ocrx_word' id='word_1_141' title='bbox 1624 2407 1730 2484; x_wconf 87' lang='lat' dir='ltr'>Mors</span> <span class='ocrx_word' id='word_1_142' title='bbox 1757 2410 1942 2512; x_wconf 79' lang='lat' dir='ltr'>Finguiiae</span> 
     </span>
     <span class='ocr_line' id='line_1_17' title="bbox 364 2528 1941 2638; baseline -0.001 -26"><span class='ocrx_word' id='word_1_143' title='bbox 364 2540 481 2638; x_wconf 86' lang='lat' dir='ltr'>longi,</span> <span class='ocrx_word' id='word_1_144' title='bbox 500 2550 540 2612; x_wconf 89' lang='lat' dir='ltr'>et</span> <span class='ocrx_word' id='word_1_145' title='bbox 570 2535 747 2631; x_wconf 82' lang='lat' dir='ltr'>Ferataig</span> <span class='ocrx_word' id='word_1_146' title='bbox 775 2534 860 2606; x_wconf 75' lang='lat' dir='ltr'>nait</span> <span class='ocrx_word' id='word_1_147' title='bbox 893 2530 1078 2629; x_wconf 81' lang='lat' dir='ltr'>[Feratagi</span> <span class='ocrx_word' id='word_1_148' title='bbox 1097 2528 1222 2621; x_wconf 82' lang='lat' dir='ltr'>crassi]</span> <span class='ocrx_word' id='word_1_149' title='bbox 1258 2553 1312 2604; x_wconf 86' lang='lat' dir='ltr'>mc</span> <span class='ocrx_word' id='word_1_150' title='bbox 1347 2530 1562 2619; x_wconf 73' lang='lat' dir='ltr'>Nciclttliec,</span> <span class='ocrx_word' id='word_1_151' title='bbox 1606 2544 1644 2603; x_wconf 91' lang='lat' dir='ltr'>et</span> <span class='ocrx_word' id='word_1_152' title='bbox 1674 2531 1833 2610; x_wconf 85' lang='lat' dir='ltr'>Coblailt</span> <span class='ocrx_word' id='word_1_153' title='bbox 1864 2537 1941 2611; x_wconf 87' lang='lat' dir='ltr'>filia</span> 
     </span>
     <span class='ocr_line' id='line_1_18' title="bbox 367 2652 1938 2753; baseline -0.001 -17"><span class='ocrx_word' id='word_1_154' title='bbox 367 2661 521 2736; x_wconf 81' lang='lat' dir='ltr'>Conona</span> <span class='ocrx_word' id='word_1_155' title='bbox 539 2659 703 2733; x_wconf 90' lang='lat' dir='ltr'>moritur.</span> <span class='ocrx_word' id='word_1_156' title='bbox 755 2655 925 2752; x_wconf 81' lang='lat' dir='ltr'>Dobecog</span> <span class='ocrx_word' id='word_1_157' title='bbox 950 2653 1094 2731; x_wconf 81' lang='lat' dir='ltr'><em>Cluana</em></span> <span class='ocrx_word' id='word_1_158' title='bbox 1112 2654 1216 2730; x_wconf 82' lang='lat' dir='ltr'>airdo</span> <span class='ocrx_word' id='word_1_159' title='bbox 1229 2667 1368 2753; x_wconf 85' lang='lat' dir='ltr'>pausat.</span> <span class='ocrx_word' id='word_1_160' title='bbox 1434 2654 1458 2728; x_wconf 88' lang='lat' dir='ltr'>J</span> <span class='ocrx_word' id='word_1_161' title='bbox 1464 2652 1669 2729; x_wconf 89' lang='lat' dir='ltr'>ustinianus</span> <span class='ocrx_word' id='word_1_162' title='bbox 1696 2655 1819 2732; x_wconf 85' lang='lat' dir='ltr'>minor</span> <span class='ocrx_word' id='word_1_163' title='bbox 1841 2659 1938 2734; x_wconf 89' lang='lat' dir='ltr'>filius</span> 
     </span>
     <span class='ocr_line' id='line_1_19' title="bbox 367 2781 766 2858; baseline -0.008 0"><span class='ocrx_word' id='word_1_164' title='bbox 367 2781 608 2858; x_wconf 85' lang='lat' dir='ltr'>Constantini</span> <span class='ocrx_word' id='word_1_165' title='bbox 622 2806 707 2856; x_wconf 87' lang='lat' dir='ltr'>ann.</span> <span class='ocrx_word' id='word_1_166' title='bbox 728 2805 766 2855; x_wconf 84' lang='lat' dir='ltr'>x.</span> 
     </span>
    </p>
   </div>
   <div class='ocr_carea' id='block_1_3' title="bbox 356 3094 1960 4898">
    <p class='ocr_par' dir='ltr' id='par_1_6' title="bbox 356 3094 1960 4608">
     <span class='ocr_line' id='line_1_20' title="bbox 361 3094 1933 3178; baseline -0.001 -16"><span class='ocrx_word' id='word_1_167' title='bbox 361 3106 408 3178; x_wconf 72' lang='lat' dir='ltr'>tl)</span> <span class='ocrx_word' id='word_1_168' title='bbox 430 3107 451 3138; x_wconf 80' lang='lat'>“</span> <span class='ocrx_word' id='word_1_169' title='bbox 464 3103 604 3162; x_wconf 52' lang='lat' dir='ltr'>Reduxi?</span> <span class='ocrx_word' id='word_1_170' title='bbox 622 3103 694 3162; x_wconf 81' lang='lat' dir='ltr'>cod.</span> <span class='ocrx_word' id='word_1_171' title='bbox 710 3103 843 3163; x_wconf 86' lang='lat' dir='ltr'>Clarend.</span> <span class='ocrx_word' id='word_1_172' title='bbox 856 3110 907 3172; x_wconf 79' lang='lat'>49,</span> <span class='ocrx_word' id='word_1_173' title='bbox 918 3111 947 3160; x_wconf 89' lang='lat' dir='ltr'>et</span> <span class='ocrx_word' id='word_1_174' title='bbox 960 3101 1134 3162; x_wconf 72' lang='lat' dir='ltr'>recta-W</span> <span class='ocrx_word' id='word_1_175' title='bbox 1144 3099 1283 3177; x_wconf 76' lang='lat' dir='ltr'>Magistri</span> <span class='ocrx_word' id='word_1_176' title='bbox 1295 3100 1332 3159; x_wconf 91' lang='lat' dir='ltr'>ad</span> <span class='ocrx_word' id='word_1_177' title='bbox 1347 3118 1413 3158; x_wconf 92' lang='lat' dir='ltr'>aun.</span> <span class='ocrx_word' id='word_1_178' title='bbox 1428 3094 1499 3171; x_wconf 70' lang='lat'>684,</span> <span class='ocrx_word' id='word_1_179' title='bbox 1522 3100 1715 3177; x_wconf 83' lang='lat' dir='ltr'>inquiunt—‘⁴</span> <span class='ocrx_word' id='word_1_180' title='bbox 1735 3100 1798 3160; x_wconf 84' lang='lat' dir='ltr'>Sicc</span> <span class='ocrx_word' id='word_1_181' title='bbox 1808 3121 1868 3161; x_wconf 78' lang='lat' dir='ltr'>mor</span> <span class='ocrx_word' id='word_1_182' title='bbox 1879 3104 1933 3162; x_wconf 82' lang='lat' dir='ltr'>isin</span> 
     </span>
     <span class='ocr_line' id='line_1_21' title="bbox 364 3195 1935 3276; baseline 0.001 -20"><span class='ocrx_word' id='word_1_183' title='bbox 364 3202 383 3232; x_wconf 81' lang='lat'>‘⁴</span> <span class='ocrx_word' id='word_1_184' title='bbox 395 3199 599 3268; x_wconf 78' lang='lat' dir='ltr'>mbliodainsis,</span> <span class='ocrx_word' id='word_1_185' title='bbox 612 3217 644 3256; x_wconf 89' lang='lat' dir='ltr'>co</span> <span class='ocrx_word' id='word_1_186' title='bbox 657 3197 777 3255; x_wconf 76' lang='lat' dir='ltr'>roreidt</span> <span class='ocrx_word' id='word_1_187' title='bbox 790 3205 831 3253; x_wconf 83' lang='lat' dir='ltr'>set</span> <span class='ocrx_word' id='word_1_188' title='bbox 846 3196 922 3254; x_wconf 79' lang='lat' dir='ltr'>iccio</span> <span class='ocrx_word' id='word_1_189' title='bbox 943 3195 1011 3272; x_wconf 76' lang='lat' dir='ltr'>agai</span> <span class='ocrx_word' id='word_1_190' title='bbox 1034 3196 1111 3253; x_wconf 79' lang='lat' dir='ltr'>uibus</span> <span class='ocrx_word' id='word_1_191' title='bbox 1122 3206 1284 3271; x_wconf 84' lang='lat' dir='ltr'>creann,&#39;og</span> <span class='ocrx_word' id='word_1_192' title='bbox 1304 3196 1351 3253; x_wconf 86' lang='lat' dir='ltr'>din</span> <span class='ocrx_word' id='word_1_193' title='bbox 1365 3196 1401 3253; x_wconf 84' lang='lat' dir='ltr'>do</span> <span class='ocrx_word' id='word_1_194' title='bbox 1415 3195 1484 3252; x_wconf 82' lang='lat' dir='ltr'>read</span> <span class='ocrx_word' id='word_1_195' title='bbox 1504 3213 1541 3254; x_wconf 81' lang='lat' dir='ltr'>on</span> <span class='ocrx_word' id='word_1_196' title='bbox 1559 3196 1632 3255; x_wconf 65' lang='lat' dir='ltr'>asir</span> <span class='ocrx_word' id='word_1_197' title='bbox 1651 3197 1732 3255; x_wconf 77' lang='lat' dir='ltr'>sittir</span> <span class='ocrx_word' id='word_1_198' title='bbox 1754 3197 1843 3256; x_wconf 82' lang='lat' dir='ltr'>lirina</span> <span class='ocrx_word' id='word_1_199' title='bbox 1865 3217 1935 3276; x_wconf 78' lang='lat' dir='ltr'>ngas</span> 
     </span>
     <span class='ocr_line' id='line_1_22' title="bbox 364 3289 1937 3370; baseline 0.003 -20"><span class='ocrx_word' id='word_1_200' title='bbox 364 3297 383 3327; x_wconf 74' lang='lat'>‘⁸</span> <span class='ocrx_word' id='word_1_201' title='bbox 399 3294 511 3364; x_wconf 75' lang='lat' dir='ltr'>Albam,</span> <span class='ocrx_word' id='word_1_202' title='bbox 525 3312 556 3350; x_wconf 79' lang='lat' dir='ltr'>co</span> <span class='ocrx_word' id='word_1_203' title='bbox 579 3292 669 3349; x_wconf 76' lang='lat' dir='ltr'>rabidi</span> <span class='ocrx_word' id='word_1_204' title='bbox 695 3290 869 3367; x_wconf 76' lang='lat' dir='ltr'>imaitiigidi</span> <span class='ocrx_word' id='word_1_205' title='bbox 895 3298 1020 3348; x_wconf 82' lang='lat' dir='ltr'>cattorra</span> <span class='ocrx_word' id='word_1_206' title='bbox 1034 3289 1091 3366; x_wconf 90' lang='lat' dir='ltr'>sor</span> <span class='ocrx_word' id='word_1_207' title='bbox 1108 3308 1158 3347; x_wconf 82' lang='lat' dir='ltr'>san</span> <span class='ocrx_word' id='word_1_208' title='bbox 1181 3290 1232 3347; x_wconf 85' lang='lat' dir='ltr'>lice</span> <span class='ocrx_word' id='word_1_209' title='bbox 1255 3291 1334 3351; x_wconf 78' lang='lat' dir='ltr'>eada.</span> <span class='ocrx_word' id='word_1_210' title='bbox 1354 3291 1500 3349; x_wconf 76' lang='lat' dir='ltr'>Adamana</span> <span class='ocrx_word' id='word_1_211' title='bbox 1512 3291 1548 3350; x_wconf 83' lang='lat' dir='ltr'>da</span> <span class='ocrx_word' id='word_1_212' title='bbox 1565 3290 1615 3350; x_wconf 82' lang='lat' dir='ltr'>dul</span> <span class='ocrx_word' id='word_1_213' title='bbox 1628 3293 1792 3370; x_wconf 70' lang='lat' dir='ltr'>gasmait,</span> <span class='ocrx_word' id='word_1_214' title='bbox 1806 3293 1937 3354; x_wconf 78' lang='lat' dir='ltr'>docuin-</span> 
     </span>
     <span class='ocr_line' id='line_1_23' title="bbox 364 3383 1938 3464; baseline 0.003 -20"><span class='ocrx_word' id='word_1_215' title='bbox 364 3392 384 3422; x_wconf 79' lang='lat'>‘⁶</span> <span class='ocrx_word' id='word_1_216' title='bbox 398 3387 519 3464; x_wconf 80' lang='lat' dir='ltr'>dgidlsna</span> <span class='ocrx_word' id='word_1_217' title='bbox 547 3386 636 3444; x_wconf 76' lang='lat' dir='ltr'>breite</span> <span class='ocrx_word' id='word_1_218' title='bbox 658 3385 693 3443; x_wconf 84' lang='lat' dir='ltr'>do</span> <span class='ocrx_word' id='word_1_219' title='bbox 727 3386 788 3442; x_wconf 80' lang='lat' dir='ltr'>bert</span> <span class='ocrx_word' id='word_1_220' title='bbox 814 3394 859 3443; x_wconf 84' lang='lat' dir='ltr'>sat</span> <span class='ocrx_word' id='word_1_221' title='bbox 886 3383 992 3442; x_wconf 77' lang='lat' dir='ltr'>Sassia</span> <span class='ocrx_word' id='word_1_222' title='bbox 1015 3385 1158 3443; x_wconf 81' lang='lat' dir='ltr'>treaisccirt</span> <span class='ocrx_word' id='word_1_223' title='bbox 1190 3386 1231 3442; x_wconf 80' lang='lat' dir='ltr'>leo</span> <span class='ocrx_word' id='word_1_224' title='bbox 1257 3386 1389 3463; x_wconf 79' lang='lat' dir='ltr'>amuigd</span> <span class='ocrx_word' id='word_1_225' title='bbox 1418 3385 1502 3462; x_wconf 79' lang='lat' dir='ltr'>brcgl</span> <span class='ocrx_word' id='word_1_226' title='bbox 1524 3404 1560 3444; x_wconf 78' lang='lat' dir='ltr'>aa</span> <span class='ocrx_word' id='word_1_227' title='bbox 1584 3387 1724 3447; x_wconf 79' lang='lat' dir='ltr'>iliodhosn</span> <span class='ocrx_word' id='word_1_228' title='bbox 1758 3392 1938 3450; x_wconf 70' lang='lat' dir='ltr'>rennuita-</span> 
     </span>
     <span class='ocr_line' id='line_1_24' title="bbox 364 3480 1936 3560; baseline 0.002 -21"><span class='ocrx_word' id='word_1_229' title='bbox 364 3487 384 3516; x_wconf 87' lang='lat'>“</span> <span class='ocrx_word' id='word_1_230' title='bbox 398 3481 485 3540; x_wconf 76' lang='lat' dir='ltr'>Funis·</span> <span class='ocrx_word' id='word_1_231' title='bbox 511 3500 530 3538; x_wconf 84' lang='lat' dir='ltr'>a</span> <span class='ocrx_word' id='word_1_232' title='bbox 562 3481 651 3538; x_wconf 70' lang='lat' dir='ltr'>lunae</span> <span class='ocrx_word' id='word_1_233' title='bbox 684 3480 779 3549; x_wconf 74' lang='lat' dir='ltr'>satia,</span> <span class='ocrx_word' id='word_1_234' title='bbox 802 3481 847 3538; x_wconf 83' lang='lat' dir='ltr'>iar</span> <span class='ocrx_word' id='word_1_235' title='bbox 867 3481 981 3538; x_wconf 73' lang='lat' dir='ltr'>adescant</span> <span class='ocrx_word' id='word_1_236' title='bbox 1001 3480 1069 3558; x_wconf 82' lang='lat' dir='ltr'>fert</span> <span class='ocrx_word' id='word_1_237' title='bbox 1106 3500 1175 3556; x_wconf 79' lang='lat' dir='ltr'>ogas</span> <span class='ocrx_word' id='word_1_238' title='bbox 1210 3482 1325 3540; x_wconf 83' lang='lat' dir='ltr'>miorbal</span> <span class='ocrx_word' id='word_1_239' title='bbox 1349 3482 1469 3557; x_wconf 75' lang='lat' dir='ltr'>fiodkna</span> <span class='ocrx_word' id='word_1_240' title='bbox 1496 3481 1636 3560; x_wconf 67' lang='lat' dir='ltr'>slaglose,</span> <span class='ocrx_word' id='word_1_241' title='bbox 1667 3503 1738 3560; x_wconf 75' lang='lat' dir='ltr'>agata</span> <span class='ocrx_word' id='word_1_242' title='bbox 1763 3485 1799 3542; x_wconf 85' lang='lat' dir='ltr'>do</span> <span class='ocrx_word' id='word_1_243' title='bbox 1831 3488 1936 3542; x_wconf 84' lang='lat' dir='ltr'>bertsot</span> 
     </span>
     <span class='ocr_line' id='line_1_25' title="bbox 364 3575 1936 3656; baseline 0.003 -23"><span class='ocrx_word' id='word_1_244' title='bbox 364 3576 461 3633; x_wconf 81' lang='lat' dir='ltr'>“noir</span> <span class='ocrx_word' id='word_1_245' title='bbox 477 3595 546 3653; x_wconf 79' lang='lat' dir='ltr'>agas</span> <span class='ocrx_word' id='word_1_246' title='bbox 561 3575 705 3633; x_wconf 79' lang='lat' dir='ltr'>airmlidin</span> <span class='ocrx_word' id='word_1_247' title='bbox 728 3576 799 3631; x_wconf 80' lang='lat' dir='ltr'>noir</span> <span class='ocrx_word' id='word_1_248' title='bbox 824 3575 858 3632; x_wconf 88' lang='lat' dir='ltr'>do</span> <span class='ocrx_word' id='word_1_249' title='bbox 887 3576 1003 3647; x_wconf 81' lang='lat' dir='ltr'>iurand,</span> <span class='ocrx_word' id='word_1_250' title='bbox 1033 3577 1045 3633; x_wconf 88' lang='lat' dir='ltr'>i</span> <span class='ocrx_word' id='word_1_251' title='bbox 1068 3577 1190 3635; x_wconf 80' lang='lat' dir='ltr'>moillcre</span> <span class='ocrx_word' id='word_1_252' title='bbox 1213 3577 1294 3655; x_wconf 68' lang='lat' dir='ltr'>toga,</span> <span class='ocrx_word' id='word_1_253' title='bbox 1321 3576 1497 3655; x_wconf 65' lang='lat' dir='ltr'>obcaecgaed</span> <span class='ocrx_word' id='word_1_254' title='bbox 1529 3579 1606 3636; x_wconf 82' lang='lat' dir='ltr'>neitlr</span> <span class='ocrx_word' id='word_1_255' title='bbox 1627 3598 1658 3637; x_wconf 88' lang='lat' dir='ltr'>ro</span> <span class='ocrx_word' id='word_1_256' title='bbox 1677 3578 1807 3656; x_wconf 79' lang='lat' dir='ltr'>cainnigl</span> <span class='ocrx_word' id='word_1_257' title='bbox 1824 3576 1936 3638; x_wconf 76' lang='lat' dir='ltr'>cacca.’&#39;</span> 
     </span>
     <span class='ocr_line' id='line_1_26' title="bbox 361 3670 1939 3749; baseline 0.003 -20"><span class='ocrx_word' id='word_1_258' title='bbox 361 3670 395 3748; x_wconf 79' lang='grc'>[“</span> <span class='ocrx_word' id='word_1_259' title='bbox 407 3671 485 3732; x_wconf 88' lang='lat' dir='ltr'>Gelu</span> <span class='ocrx_word' id='word_1_260' title='bbox 498 3690 631 3749; x_wconf 87' lang='lat' dir='ltr'>magnum</span> <span class='ocrx_word' id='word_1_261' title='bbox 649 3672 704 3730; x_wconf 89' lang='lat' dir='ltr'>hoe</span> <span class='ocrx_word' id='word_1_262' title='bbox 730 3691 815 3742; x_wconf 90' lang='lat' dir='ltr'>anno,</span> <span class='ocrx_word' id='word_1_263' title='bbox 837 3673 878 3732; x_wconf 89' lang='lat' dir='ltr'>ita</span> <span class='ocrx_word' id='word_1_264' title='bbox 898 3683 931 3730; x_wconf 87' lang='lat' dir='ltr'>ut</span> <span class='ocrx_word' id='word_1_265' title='bbox 944 3672 1034 3748; x_wconf 84' lang='lat' dir='ltr'>glacie</span> <span class='ocrx_word' id='word_1_266' title='bbox 1055 3673 1139 3748; x_wconf 83' lang='lat' dir='ltr'>gelati</span> <span class='ocrx_word' id='word_1_267' title='bbox 1158 3674 1265 3733; x_wconf 85' lang='lat' dir='ltr'>fuerint</span> <span class='ocrx_word' id='word_1_268' title='bbox 1278 3675 1368 3740; x_wconf 86' lang='lat' dir='ltr'>lacus,</span> <span class='ocrx_word' id='word_1_269' title='bbox 1392 3686 1422 3732; x_wconf 87' lang='lat' dir='ltr'>et</span> <span class='ocrx_word' id='word_1_270' title='bbox 1444 3693 1540 3732; x_wconf 89' lang='lat' dir='ltr'>amnes</span> <span class='ocrx_word' id='word_1_271' title='bbox 1559 3674 1706 3733; x_wconf 72' lang='lat' dir='ltr'>Hiberniae</span> <span class='ocrx_word' id='word_1_272' title='bbox 1728 3674 1787 3733; x_wconf 90' lang='lat' dir='ltr'>imo</span> <span class='ocrx_word' id='word_1_273' title='bbox 1808 3689 1837 3734; x_wconf 91' lang='lat' dir='ltr'>et</span> <span class='ocrx_word' id='word_1_274' title='bbox 1858 3695 1939 3734; x_wconf 85' lang='lat' dir='ltr'>mars</span> 
     </span>
     <span class='ocr_line' id='line_1_27' title="bbox 362 3756 1934 3847; baseline 0.003 -21"><span class='ocrx_word' id='word_1_275' title='bbox 362 3770 468 3826; x_wconf 83' lang='lat' dir='ltr'>“inter</span> <span class='ocrx_word' id='word_1_276' title='bbox 492 3768 658 3827; x_wconf 82' lang='lat' dir='ltr'>Hiberniam</span> <span class='ocrx_word' id='word_1_277' title='bbox 681 3781 710 3825; x_wconf 88' lang='lat' dir='ltr'>ct</span> <span class='ocrx_word' id='word_1_278' title='bbox 733 3766 897 3838; x_wconf 85' lang='lat' dir='ltr'>Albaniam,</span> <span class='ocrx_word' id='word_1_279' title='bbox 920 3769 961 3826; x_wconf 89' lang='lat' dir='ltr'>ita</span> <span class='ocrx_word' id='word_1_280' title='bbox 988 3780 1021 3827; x_wconf 91' lang='lat' dir='ltr'>ut</span> <span class='ocrx_word' id='word_1_281' title='bbox 1044 3770 1198 3830; x_wconf 88' lang='lat' dir='ltr'>hincinde</span> <span class='ocrx_word' id='word_1_282' title='bbox 1224 3770 1357 3828; x_wconf 86' lang='lat' dir='ltr'>transitus</span> <span class='ocrx_word' id='word_1_283' title='bbox 1379 3756 1489 3847; x_wconf 75' lang='lat' dir='ltr'>pateret</span> <span class='ocrx_word' id='word_1_284' title='bbox 1506 3789 1591 3846; x_wconf 91' lang='lat' dir='ltr'>supra</span> <span class='ocrx_word' id='word_1_285' title='bbox 1616 3770 1747 3847; x_wconf 83' lang='lat' dir='ltr'>glaciem.</span> <span class='ocrx_word' id='word_1_286' title='bbox 1788 3772 1934 3830; x_wconf 76' lang='lat' dir='ltr'>Adamana</span> 
     </span>
     <span class='ocr_line' id='line_1_28' title="bbox 361 3864 1940 3947; baseline 0.003 -23"><span class='ocrx_word' id='word_1_287' title='bbox 361 3872 382 3904; x_wconf 82' lang='lat'>⁴⁴</span> <span class='ocrx_word' id='word_1_288' title='bbox 394 3866 538 3947; x_wconf 79' lang='lat' dir='ltr'>profectus</span> <span class='ocrx_word' id='word_1_289' title='bbox 548 3875 591 3922; x_wconf 88' lang='lat' dir='ltr'>est</span> <span class='ocrx_word' id='word_1_290' title='bbox 606 3864 770 3933; x_wconf 79' lang='lat' dir='ltr'>saxoniam,</span> <span class='ocrx_word' id='word_1_291' title='bbox 779 3874 812 3921; x_wconf 87' lang='lat' dir='ltr'>nt</span> <span class='ocrx_word' id='word_1_292' title='bbox 822 3864 971 3922; x_wconf 79' lang='lat' dir='ltr'>reduceret</span> <span class='ocrx_word' id='word_1_293' title='bbox 985 3865 1109 3941; x_wconf 83' lang='lat' dir='ltr'>captivos</span> <span class='ocrx_word' id='word_1_294' title='bbox 1122 3886 1194 3943; x_wconf 87' lang='lat' dir='ltr'>qnos</span> <span class='ocrx_word' id='word_1_295' title='bbox 1209 3865 1388 3925; x_wconf 88' lang='lat' dir='ltr'>abstulerunt</span> <span class='ocrx_word' id='word_1_296' title='bbox 1398 3865 1524 3922; x_wconf 83' lang='lat' dir='ltr'>Saxones</span> <span class='ocrx_word' id='word_1_297' title='bbox 1539 3865 1806 3942; x_wconf 78' lang='lat' dir='ltr'>septentrionalcse</span> <span class='ocrx_word' id='word_1_298' title='bbox 1820 3867 1940 3944; x_wconf 80' lang='lat' dir='ltr'>planitie</span> 
     </span>
     <span class='ocr_line' id='line_1_29' title="bbox 356 3959 1940 4041; baseline 0.001 -19"><span class='ocrx_word' id='word_1_299' title='bbox 356 3966 381 3999; x_wconf 57' lang='lat'>‘⁴</span> <span class='ocrx_word' id='word_1_300' title='bbox 393 3964 500 4041; x_wconf 77' lang='lat' dir='ltr'>Bregiae</span> <span class='ocrx_word' id='word_1_301' title='bbox 510 3981 585 4020; x_wconf 91' lang='lat' dir='ltr'>anno</span> <span class='ocrx_word' id='word_1_302' title='bbox 596 3959 751 4038; x_wconf 80' lang='lat' dir='ltr'>praeterito.</span> <span class='ocrx_word' id='word_1_303' title='bbox 784 3959 962 4036; x_wconf 84' lang='lat' dir='ltr'>Accepitqae</span> <span class='ocrx_word' id='word_1_304' title='bbox 973 3960 1010 4017; x_wconf 94' lang='lat' dir='ltr'>ab</span> <span class='ocrx_word' id='word_1_305' title='bbox 1023 3960 1061 4018; x_wconf 92' lang='lat' dir='ltr'>eis</span> <span class='ocrx_word' id='word_1_306' title='bbox 1072 3962 1303 4030; x_wconf 80' lang='lat' dir='ltr'>satisfactionem,</span> <span class='ocrx_word' id='word_1_307' title='bbox 1314 3972 1378 4038; x_wconf 88' lang='lat' dir='ltr'>post</span> <span class='ocrx_word' id='word_1_308' title='bbox 1390 3972 1509 4037; x_wconf 88' lang='lat' dir='ltr'>operata</span> <span class='ocrx_word' id='word_1_309' title='bbox 1519 3961 1660 4020; x_wconf 81' lang='lat' dir='ltr'>mirabilia</span> <span class='ocrx_word' id='word_1_310' title='bbox 1672 3980 1769 4019; x_wconf 87' lang='lat' dir='ltr'>coram</span> <span class='ocrx_word' id='word_1_311' title='bbox 1787 3963 1892 4031; x_wconf 86' lang='lat' dir='ltr'>multis,</span> <span class='ocrx_word' id='word_1_312' title='bbox 1910 3973 1940 4023; x_wconf 83' lang='lat' dir='ltr'>et</span> 
     </span>
     <span class='ocr_line' id='line_1_30' title="bbox 360 4056 1939 4132; baseline -0.001 -15"><span class='ocrx_word' id='word_1_313' title='bbox 360 4060 579 4117; x_wconf 77' lang='lat' dir='ltr'>“exhibuerunt</span> <span class='ocrx_word' id='word_1_314' title='bbox 592 4057 804 4115; x_wconf 88' lang='lat' dir='ltr'>eihonorcmet</span> <span class='ocrx_word' id='word_1_315' title='bbox 816 4056 1003 4114; x_wconf 85' lang='lat' dir='ltr'>reverentiam</span> <span class='ocrx_word' id='word_1_316' title='bbox 1015 4075 1154 4132; x_wconf 87' lang='lat' dir='ltr'>magnam.</span> <span class='ocrx_word' id='word_1_317' title='bbox 1196 4057 1403 4132; x_wconf 86' lang='lat' dir='ltr'>Dederuntque</span> <span class='ocrx_word' id='word_1_318' title='bbox 1413 4057 1434 4113; x_wconf 88' lang='lat' dir='ltr'>si</span> <span class='ocrx_word' id='word_1_319' title='bbox 1444 4056 1562 4129; x_wconf 78' lang='lat' dir='ltr'>juvenes</span> <span class='ocrx_word' id='word_1_320' title='bbox 1572 4068 1600 4113; x_wconf 81' lang='lat' dir='ltr'>et</span> <span class='ocrx_word' id='word_1_321' title='bbox 1615 4056 1702 4114; x_wconf 88' lang='lat' dir='ltr'>Senes</span> <span class='ocrx_word' id='word_1_322' title='bbox 1715 4059 1811 4114; x_wconf 89' lang='lat' dir='ltr'>omnia</span> <span class='ocrx_word' id='word_1_323' title='bbox 1825 4077 1881 4132; x_wconf 87' lang='lat' dir='ltr'>que</span> <span class='ocrx_word' id='word_1_324' title='bbox 1896 4077 1939 4116; x_wconf 89' lang='lat' dir='ltr'>re.</span> 
     </span>
     <span class='ocr_line' id='line_1_31' title="bbox 359 4146 1936 4228; baseline -0.001 -18"><span class='ocrx_word' id='word_1_325' title='bbox 359 4158 380 4188; x_wconf 75' lang='lat'>‘⁸</span> <span class='ocrx_word' id='word_1_326' title='bbox 392 4150 579 4227; x_wconf 86' lang='lat' dir='ltr'>tinuerunt.&#39;&#39;]</span> <span class='ocrx_word' id='word_1_327' title='bbox 594 4153 738 4209; x_wconf 78' lang='lat' dir='ltr'>Adamana</span> <span class='ocrx_word' id='word_1_328' title='bbox 751 4151 809 4227; x_wconf 90' lang='lat' dir='ltr'>ipsc</span> <span class='ocrx_word' id='word_1_329' title='bbox 823 4151 842 4209; x_wconf 89' lang='lat' dir='ltr'>l.</span> <span class='ocrx_word' id='word_1_330' title='bbox 854 4158 883 4220; x_wconf 78' lang='lat'>2,</span> <span class='ocrx_word' id='word_1_331' title='bbox 896 4170 922 4209; x_wconf 90' lang='lat' dir='ltr'>c.</span> <span class='ocrx_word' id='word_1_332' title='bbox 936 4146 986 4221; x_wconf 79' lang='lat'>46,</span> <span class='ocrx_word' id='word_1_333' title='bbox 999 4151 1152 4228; x_wconf 83' lang='lat' dir='ltr'>inquit-“</span> <span class='ocrx_word' id='word_1_334' title='bbox 1165 4151 1199 4209; x_wconf 90' lang='lat' dir='ltr'>ln</span> <span class='ocrx_word' id='word_1_335' title='bbox 1210 4151 1336 4209; x_wconf 78' lang='lat' dir='ltr'>Saxonis</span> <span class='ocrx_word' id='word_1_336' title='bbox 1349 4152 1458 4228; x_wconf 82' lang='lat' dir='ltr'>Regem</span> <span class='ocrx_word' id='word_1_337' title='bbox 1470 4151 1629 4228; x_wconf 74' lang='lat' dir='ltr'>Alrljiidum</span> <span class='ocrx_word' id='word_1_338' title='bbox 1643 4151 1787 4209; x_wconf 82' lang='lat' dir='ltr'>visitantes</span> <span class='ocrx_word' id='word_1_339' title='bbox 1800 4153 1936 4218; x_wconf 88' lang='lat' dir='ltr'>amicum,</span> 
     </span>
     <span class='ocr_line' id='line_1_32' title="bbox 361 4244 1960 4324; baseline -0.003 -19"><span class='ocrx_word' id='word_1_340' title='bbox 361 4255 381 4286; x_wconf 80' lang='lat'>¹‘</span> <span class='ocrx_word' id='word_1_341' title='bbox 396 4247 490 4306; x_wconf 83' lang='lat' dir='ltr'>adhuc</span> <span class='ocrx_word' id='word_1_342' title='bbox 502 4265 558 4302; x_wconf 92' lang='lat' dir='ltr'>non</span> <span class='ocrx_word' id='word_1_343' title='bbox 572 4259 696 4302; x_wconf 79' lang='lat' dir='ltr'>cessante</span> <span class='ocrx_word' id='word_1_344' title='bbox 707 4246 884 4323; x_wconf 73' lang='lat' dir='ltr'>pestilentia,</span> <span class='ocrx_word' id='word_1_345' title='bbox 897 4248 937 4305; x_wconf 89' lang='lat' dir='ltr'>ita</span> <span class='ocrx_word' id='word_1_346' title='bbox 949 4262 1043 4305; x_wconf 82' lang='lat' dir='ltr'>tamen</span> <span class='ocrx_word' id='word_1_347' title='bbox 1054 4266 1105 4305; x_wconf 86' lang='lat' dir='ltr'>nos</span> <span class='ocrx_word' id='word_1_348' title='bbox 1118 4248 1258 4305; x_wconf 88' lang='lat' dir='ltr'>Dominus</span> <span class='ocrx_word' id='word_1_349' title='bbox 1270 4261 1299 4304; x_wconf 87' lang='lat' dir='ltr'>st</span> <span class='ocrx_word' id='word_1_350' title='bbox 1309 4249 1338 4305; x_wconf 92' lang='lat' dir='ltr'>in</span> <span class='ocrx_word' id='word_1_351' title='bbox 1348 4248 1441 4322; x_wconf 85' lang='lat' dir='ltr'>primo</span> <span class='ocrx_word' id='word_1_352' title='bbox 1455 4258 1518 4324; x_wconf 79' lang='lat' dir='ltr'>post</span> <span class='ocrx_word' id='word_1_353' title='bbox 1530 4248 1636 4304; x_wconf 88' lang='lat' dir='ltr'>bellum</span> <span class='ocrx_word' id='word_1_354' title='bbox 1648 4245 1755 4304; x_wconf 78' lang='lat' dir='ltr'>chridi</span> <span class='ocrx_word' id='word_1_355' title='bbox 1769 4244 1937 4314; x_wconf 85' lang='lat' dir='ltr'>visitatione,</span> <span class='ocrx_word' id='word_1_356' title='bbox 1948 4263 1960 4287; x_wconf 67' lang='lat' dir='ltr'>v</span> 
     </span>
     <span class='ocr_line' id='line_1_33' title="bbox 361 4338 1938 4412; baseline -0.003 -10"><span class='ocrx_word' id='word_1_357' title='bbox 361 4351 381 4381; x_wconf 78' lang='lat'>‘⁴</span> <span class='ocrx_word' id='word_1_358' title='bbox 395 4354 425 4402; x_wconf 84' lang='lat' dir='ltr'>et</span> <span class='ocrx_word' id='word_1_359' title='bbox 437 4343 467 4400; x_wconf 94' lang='lat' dir='ltr'>in</span> <span class='ocrx_word' id='word_1_360' title='bbox 480 4339 606 4408; x_wconf 81' lang='lat' dir='ltr'>secunda,</span> <span class='ocrx_word' id='word_1_361' title='bbox 618 4339 769 4412; x_wconf 77' lang='lat' dir='ltr'>interjectis</span> <span class='ocrx_word' id='word_1_362' title='bbox 784 4341 884 4399; x_wconf 83' lang='lat' dir='ltr'>dnobus</span> <span class='ocrx_word' id='word_1_363' title='bbox 897 4343 987 4412; x_wconf 61' lang='lat' dir='ltr'>onnia</span> <span class='ocrx_word' id='word_1_364' title='bbox 997 4343 1026 4401; x_wconf 92' lang='lat' dir='ltr'>iu</span> <span class='ocrx_word' id='word_1_365' title='bbox 1049 4343 1098 4400; x_wconf 84' lang='lat' dir='ltr'>tali</span> <span class='ocrx_word' id='word_1_366' title='bbox 1110 4343 1289 4401; x_wconf 81' lang='lat' dir='ltr'>mortalitatis</span> <span class='ocrx_word' id='word_1_367' title='bbox 1304 4345 1398 4401; x_wconf 90' lang='lat' dir='ltr'>medio</span> <span class='ocrx_word' id='word_1_368' title='bbox 1416 4341 1748 4402; x_wconf 75' lang='lat' dir='ltr'>deambulantes.”-Ex</span> <span class='ocrx_word' id='word_1_369' title='bbox 1773 4338 1815 4395; x_wconf 90' lang='lat' dir='ltr'>his</span> <span class='ocrx_word' id='word_1_370' title='bbox 1825 4350 1938 4397; x_wconf 86' lang='lat' dir='ltr'>constat</span> 
     </span>
     <span class='ocr_line' id='line_1_34' title="bbox 358 4429 1936 4514; baseline -0.006 -14"><span class='ocrx_word' id='word_1_371' title='bbox 358 4441 560 4500; x_wconf 77' lang='lat' dir='ltr'>Adamnanum</span> <span class='ocrx_word' id='word_1_372' title='bbox 579 4433 619 4490; x_wconf 83' lang='lat' dir='ltr'>bis</span> <span class='ocrx_word' id='word_1_373' title='bbox 639 4451 676 4489; x_wconf 83' lang='lat' dir='ltr'>ex</span> <span class='ocrx_word' id='word_1_374' title='bbox 693 4432 829 4490; x_wconf 85' lang='lat' dir='ltr'>Hibernia</span> <span class='ocrx_word' id='word_1_375' title='bbox 842 4435 967 4511; x_wconf 87' lang='lat' dir='ltr'>legatum</span> <span class='ocrx_word' id='word_1_376' title='bbox 981 4438 1085 4494; x_wconf 86' lang='lat' dir='ltr'>venisse</span> <span class='ocrx_word' id='word_1_377' title='bbox 1102 4438 1130 4493; x_wconf 93' lang='lat' dir='ltr'>in</span> <span class='ocrx_word' id='word_1_378' title='bbox 1150 4437 1293 4513; x_wconf 77' lang='lat' dir='ltr'>Arrgliam,</span> <span class='ocrx_word' id='word_1_379' title='bbox 1318 4456 1393 4495; x_wconf 92' lang='lat' dir='ltr'>anno</span> <span class='ocrx_word' id='word_1_380' title='bbox 1406 4432 1464 4495; x_wconf 76' lang='lat'>6⁸5</span> <span class='ocrx_word' id='word_1_381' title='bbox 1486 4439 1523 4494; x_wconf 92' lang='lat' dir='ltr'>ad</span> <span class='ocrx_word' id='word_1_382' title='bbox 1547 4436 1722 4514; x_wconf 83' lang='lat' dir='ltr'>Ecgfridum,</span> <span class='ocrx_word' id='word_1_383' title='bbox 1743 4445 1772 4491; x_wconf 87' lang='lat' dir='ltr'>ct</span> <span class='ocrx_word' id='word_1_384' title='bbox 1789 4453 1864 4491; x_wconf 91' lang='lat' dir='ltr'>anuo</span> <span class='ocrx_word' id='word_1_385' title='bbox 1878 4429 1936 4498; x_wconf 78' lang='lat' dir='ltr'>dar</span> 
     </span>
     <span class='ocr_line' id='line_1_35' title="bbox 358 4528 1740 4608; baseline -0.002 -13"><span class='ocrx_word' id='word_1_386' title='bbox 358 4540 395 4595; x_wconf 78' lang='lat' dir='ltr'>ad</span> <span class='ocrx_word' id='word_1_387' title='bbox 407 4532 580 4593; x_wconf 86' lang='lat' dir='ltr'>Aldlridum.</span> <span class='ocrx_word' id='word_1_388' title='bbox 623 4529 667 4586; x_wconf 86' lang='lat' dir='ltr'>De</span> <span class='ocrx_word' id='word_1_389' title='bbox 682 4528 872 4586; x_wconf 81' lang='lat' dir='ltr'>secundabat</span> <span class='ocrx_word' id='word_1_390' title='bbox 887 4532 1025 4606; x_wconf 85' lang='lat' dir='ltr'>legatione</span> <span class='ocrx_word' id='word_1_391' title='bbox 1037 4533 1095 4608; x_wconf 87' lang='lat' dir='ltr'>agit</span> <span class='ocrx_word' id='word_1_392' title='bbox 1109 4535 1196 4603; x_wconf 79' lang='lat' dir='ltr'>Reda,</span> <span class='ocrx_word' id='word_1_393' title='bbox 1210 4532 1267 4601; x_wconf 87' lang='lat' dir='ltr'>l.5‚</span> <span class='ocrx_word' id='word_1_394' title='bbox 1282 4551 1306 4588; x_wconf 78' lang='lat' dir='ltr'>c</span> <span class='ocrx_word' id='word_1_395' title='bbox 1326 4529 1372 4591; x_wconf 87' lang='lat'>16.</span> <span class='ocrx_word' id='word_1_396' title='bbox 1413 4533 1450 4590; x_wconf 92' lang='lat' dir='ltr'>V.</span> <span class='ocrx_word' id='word_1_397' title='bbox 1461 4532 1534 4591; x_wconf 81' lang='lat' dir='ltr'>infra</span> <span class='ocrx_word' id='word_1_398' title='bbox 1544 4535 1580 4591; x_wconf 90' lang='lat' dir='ltr'>ad</span> <span class='ocrx_word' id='word_1_399' title='bbox 1591 4552 1657 4591; x_wconf 88' lang='lat' dir='ltr'>ann.</span> <span class='ocrx_word' id='word_1_400' title='bbox 1670 4536 1740 4596; x_wconf 82' lang='lat'><strong>703.</strong></span> 
     </span>
    </p>

    <p class='ocr_par' dir='ltr' id='par_1_7' title="bbox 358 4621 1941 4898">
     <span class='ocr_line' id='line_1_36' title="bbox 360 4621 1941 4705; baseline -0.003 -16"><span class='ocrx_word' id='word_1_401' title='bbox 360 4634 407 4702; x_wconf 78' lang='lat'>(2)</span> <span class='ocrx_word' id='word_1_402' title='bbox 427 4632 495 4688; x_wconf 91' lang='lat' dir='ltr'>Duo</span> <span class='ocrx_word' id='word_1_403' title='bbox 507 4627 633 4705; x_wconf 86' lang='lat' dir='ltr'>Eclipses</span> <span class='ocrx_word' id='word_1_404' title='bbox 650 4624 724 4682; x_wconf 88' lang='lat' dir='ltr'>Solis</span> <span class='ocrx_word' id='word_1_405' title='bbox 739 4634 873 4682; x_wconf 88' lang='lat' dir='ltr'>notantur</span> <span class='ocrx_word' id='word_1_406' title='bbox 883 4626 937 4683; x_wconf 90' lang='lat' dir='ltr'>hoc</span> <span class='ocrx_word' id='word_1_407' title='bbox 948 4644 1033 4695; x_wconf 85' lang='lat' dir='ltr'>anno,</span> <span class='ocrx_word' id='word_1_408' title='bbox 1047 4646 1110 4684; x_wconf 77' lang='lat' dir='ltr'>terae</span> <span class='ocrx_word' id='word_1_409' title='bbox 1124 4646 1199 4685; x_wconf 89' lang='lat' dir='ltr'>com.</span> <span class='ocrx_word' id='word_1_410' title='bbox 1213 4624 1283 4694; x_wconf 81' lang='lat'><strong>689.</strong></span> <span class='ocrx_word' id='word_1_411' title='bbox 1324 4627 1382 4683; x_wconf 85' lang='lat' dir='ltr'>Art</span> <span class='ocrx_word' id='word_1_412' title='bbox 1396 4627 1428 4683; x_wconf 89' lang='lat' dir='ltr'>de</span> <span class='ocrx_word' id='word_1_413' title='bbox 1444 4627 1478 4686; x_wconf 91' lang='lat' dir='ltr'>V.</span> <span class='ocrx_word' id='word_1_414' title='bbox 1492 4628 1530 4684; x_wconf 80' lang='lat' dir='ltr'>les</span> <span class='ocrx_word' id='word_1_415' title='bbox 1545 4629 1633 4697; x_wconf 83' lang='lat' dir='ltr'>dates,</span> <span class='ocrx_word' id='word_1_416' title='bbox 1648 4639 1670 4685; x_wconf 90' lang='lat' dir='ltr'>t.</span> <span class='ocrx_word' id='word_1_417' title='bbox 1684 4634 1710 4694; x_wconf 88' lang='lat' dir='ltr'>l,</span> <span class='ocrx_word' id='word_1_418' title='bbox 1721 4645 1750 4702; x_wconf 88' lang='lat' dir='ltr'>p.</span> <span class='ocrx_word' id='word_1_419' title='bbox 1764 4621 1814 4685; x_wconf 85' lang='lat'>65.</span> <span class='ocrx_word' id='word_1_420' title='bbox 1841 4625 1941 4684; x_wconf 84' lang='lat' dir='ltr'>Prima</span> 
     </span>
     <span class='ocr_line' id='line_1_37' title="bbox 358 4720 1941 4799; baseline -0.004 -14"><span class='ocrx_word' id='word_1_421' title='bbox 358 4730 379 4761; x_wconf 88' lang='lat'><strong>“</strong></span> <span class='ocrx_word' id='word_1_422' title='bbox 394 4733 431 4785; x_wconf 75' lang='lat'>22</span> <span class='ocrx_word' id='word_1_423' title='bbox 445 4725 612 4793; x_wconf 89' lang='lat' dir='ltr'>Junii‚hora</span> <span class='ocrx_word' id='word_1_424' title='bbox 624 4720 663 4796; x_wconf 67' lang='lat'>9}</span> <span class='ocrx_word' id='word_1_425' title='bbox 674 4721 719 4779; x_wconf 89' lang='lat' dir='ltr'>die</span> <span class='ocrx_word' id='word_1_426' title='bbox 732 4720 763 4781; x_wconf 87' lang='lat' dir='ltr'>S.</span> <span class='ocrx_word' id='word_1_427' title='bbox 777 4729 848 4781; x_wconf 80' lang='lat' dir='ltr'>catr.</span> <span class='ocrx_word' id='word_1_428' title='bbox 863 4721 970 4791; x_wconf 78' lang='lat' dir='ltr'>d&#39;Asie‚</span> <span class='ocrx_word' id='word_1_429' title='bbox 980 4739 1016 4777; x_wconf 85' lang='lat' dir='ltr'>au</span> <span class='ocrx_word' id='word_1_430' title='bbox 1026 4720 1224 4781; x_wconf 85' lang='lat' dir='ltr'>S.E.central.</span> <span class='ocrx_word' id='word_1_431' title='bbox 1245 4730 1256 4778; x_wconf 86' lang='lat'>1</span> <span class='ocrx_word' id='word_1_432' title='bbox 1275 4722 1359 4779; x_wconf 81' lang='lat' dir='ltr'>S.T.&#39;&#39;</span> <span class='ocrx_word' id='word_1_433' title='bbox 1384 4726 1429 4781; x_wconf 85' lang='lat' dir='ltr'>Ac</span> <span class='ocrx_word' id='word_1_434' title='bbox 1442 4723 1561 4799; x_wconf 87' lang='lat' dir='ltr'>proinde</span> <span class='ocrx_word' id='word_1_435' title='bbox 1576 4734 1652 4780; x_wconf 89' lang='lat' dir='ltr'>recte</span> <span class='ocrx_word' id='word_1_436' title='bbox 1665 4721 1773 4781; x_wconf 90' lang='lat' dir='ltr'>dicitnr</span> <span class='ocrx_word' id='word_1_437' title='bbox 1788 4724 1941 4781; x_wconf 83' lang='lat' dir='ltr'>obscurata</span> 
     </span>
     <span class='ocr_line' id='line_1_38' title="bbox 358 4817 1941 4898; baseline -0.002 -19"><span class='ocrx_word' id='word_1_438' title='bbox 358 4832 401 4880; x_wconf 80' lang='lat' dir='ltr'>est</span> <span class='ocrx_word' id='word_1_439' title='bbox 419 4840 488 4896; x_wconf 79' lang='lat' dir='ltr'>pars</span> <span class='ocrx_word' id='word_1_440' title='bbox 503 4820 586 4892; x_wconf 83' lang='lat' dir='ltr'>Solis,</span> <span class='ocrx_word' id='word_1_441' title='bbox 607 4836 671 4897; x_wconf 87' lang='lat' dir='ltr'>pars</span> <span class='ocrx_word' id='word_1_442' title='bbox 693 4836 795 4895; x_wconf 84' lang='lat' dir='ltr'>nempe</span> <span class='ocrx_word' id='word_1_443' title='bbox 811 4818 932 4898; x_wconf 81' lang='lat' dir='ltr'>Europa</span> <span class='ocrx_word' id='word_1_444' title='bbox 953 4817 1082 4876; x_wconf 80' lang='lat' dir='ltr'>risibilis.</span> <span class='ocrx_word' id='word_1_445' title='bbox 1120 4817 1225 4876; x_wconf 83' lang='lat' dir='ltr'>Altera</span> <span class='ocrx_word' id='word_1_446' title='bbox 1242 4817 1337 4875; x_wconf 83' lang='lat' dir='ltr'>evenit</span> <span class='ocrx_word' id='word_1_447' title='bbox 1360 4817 1463 4876; x_wconf 79' lang='lat' dir='ltr'>eodem</span> <span class='ocrx_word' id='word_1_448' title='bbox 1482 4836 1557 4878; x_wconf 87' lang='lat' dir='ltr'>anno</span> <span class='ocrx_word' id='word_1_449' title='bbox 1581 4819 1628 4877; x_wconf 79' lang='lat' dir='ltr'>dia</span> <span class='ocrx_word' id='word_1_450' title='bbox 1652 4823 1691 4880; x_wconf 80' lang='lat'>28</span> <span class='ocrx_word' id='word_1_451' title='bbox 1720 4817 1941 4878; x_wconf 75' lang='lat' dir='ltr'>Decembris.-</span> 
     </span>
    </p>
   </div>
   <div class='ocr_carea' id='block_1_4' title="bbox 359 4915 434 4976">
    <p class='ocr_par' dir='ltr' id='par_1_8' title="bbox 359 4915 434 4976">
     <span class='ocr_line' id='line_1_39' title="bbox 359 4915 434 4976; baseline 0 0"><span class='ocrx_word' id='word_1_452' title='bbox 359 4915 434 4976; x_wconf 78' lang='lat' dir='ltr'>laid.</span> 
     </span>
    </p>
   </div>
   <div class='ocr_carea' id='block_1_5' title="bbox 0 0 2228 6000">
    <p class='ocr_par' dir='ltr' id='par_1_9' title="bbox 0 0 2228 6000">
     <span class='ocr_line' id='line_1_40' title="bbox 0 0 2228 6000; baseline 0 1"><span class='ocrx_word' id='word_1_453' title='bbox 0 0 2228 6000; x_wconf 95' lang='lat' dir='ltr'> </span> 
     </span>
    </p>
   </div>
  </div>
 </body>
</html>
