<?xml version="1.0" encoding="UTF-8"?>
<!DOCTYPE html PUBLIC "-//W3C//DTD XHTML 1.0 Transitional//EN"
    "http://www.w3.org/TR/xhtml1/DTD/xhtml1-transitional.dtd">
<html xmlns="http://www.w3.org/1999/xhtml" xml:lang="en" lang="en">
 <head>
  <title>
</title>
<meta http-equiv="Content-Type" content="text/html;charset=utf-8" />
  <meta name='ocr-system' content='tesseract 3.04.00' />
  <meta name='ocr-capabilities' content='ocr_page ocr_carea ocr_par ocr_line ocrx_word'/>
</head>
<body>
  <div class='ocr_page' id='page_1' title='image "./rerumhibernicar00tigegoog_0181.png"; bbox 0 0 4446 6000; ppageno 0'>
   <div class='ocr_carea' id='block_1_1' title="bbox 325 494 1571 596">
    <p class='ocr_par' dir='ltr' id='par_1_1' title="bbox 325 494 1571 596">
     <span class='ocr_line' id='line_1_1' title="bbox 325 494 1571 596; baseline -0.001 -2"><span class='ocrx_word' id='word_1_1' title='bbox 325 494 423 596; x_wconf 87' lang='lat'><strong>168</strong></span> <span class='ocrx_word' id='word_1_2' title='bbox 697 526 1135 593; x_wconf 76' lang='lat' dir='ltr'><strong>annornrronns</strong></span> <span class='ocrx_word' id='word_1_3' title='bbox 1177 527 1252 592; x_wconf 77' lang='lat' dir='ltr'><strong>An</strong></span> <span class='ocrx_word' id='word_1_4' title='bbox 1293 530 1571 596; x_wconf 78' lang='lat' dir='ltr'><strong>smc.·rnrr.</strong></span> 
     </span>
    </p>
   </div>
   <div class='ocr_carea' id='block_1_2' title="bbox 237 710 1914 3377">
    <p class='ocr_par' dir='ltr' id='par_1_2' title="bbox 316 710 1900 1204">
     <span class='ocr_line' id='line_1_2' title="bbox 357 710 1900 785; baseline 0.009 -18"><span class='ocrx_word' id='word_1_5' title='bbox 357 711 469 769; x_wconf 86' lang='lat' dir='ltr'><strong>Calices</strong></span> <span class='ocrx_word' id='word_1_6' title='bbox 492 729 586 769; x_wconf 87' lang='lat' dir='ltr'><strong>sacros</strong></span> <span class='ocrx_word' id='word_1_7' title='bbox 610 713 812 770; x_wconf 84' lang='lat' dir='ltr'><strong>vetustissimos</strong></span> <span class='ocrx_word' id='word_1_8' title='bbox 831 710 977 769; x_wconf 79' lang='lat' dir='ltr'><strong>Hibemiae</strong></span> <span class='ocrx_word' id='word_1_9' title='bbox 1000 731 1015 769; x_wconf 91' lang='lat' dir='ltr'><strong>e</strong></span> <span class='ocrx_word' id='word_1_10' title='bbox 1039 712 1112 770; x_wconf 85' lang='lat' dir='ltr'><strong>vitro</strong></span> <span class='ocrx_word' id='word_1_11' title='bbox 1126 711 1215 769; x_wconf 88' lang='lat' dir='ltr'><strong>factos</strong></span> <span class='ocrx_word' id='word_1_12' title='bbox 1237 724 1397 772; x_wconf 84' lang='lat' dir='ltr'><strong>memorant</strong></span> <span class='ocrx_word' id='word_1_13' title='bbox 1411 713 1559 783; x_wconf 73' lang='lat' dir='ltr'><strong><em>locelinus,</em></strong></span> <span class='ocrx_word' id='word_1_14' title='bbox 1577 722 1607 772; x_wconf 90' lang='lat' dir='ltr'><strong>et</strong></span> <span class='ocrx_word' id='word_1_15' title='bbox 1627 716 1743 775; x_wconf 83' lang='lat' dir='ltr'><strong>Auctor</strong></span> <span class='ocrx_word' id='word_1_16' title='bbox 1758 723 1900 785; x_wconf 81' lang='lat' dir='ltr'><strong>vetustior</strong></span> 
     </span>
     <span class='ocr_line' id='line_1_3' title="bbox 316 811 1896 896; baseline 0.007 -23"><span class='ocrx_word' id='word_1_17' title='bbox 316 811 565 892; x_wconf 81' lang='lat' dir='ltr'><strong>Vitae&#39;l&#39;ripartitae,</strong></span> <span class='ocrx_word' id='word_1_18' title='bbox 574 815 797 894; x_wconf 86' lang='lat' dir='ltr'><strong>cujusexcerpta</strong></span> <span class='ocrx_word' id='word_1_19' title='bbox 809 817 898 873; x_wconf 83' lang='lat' dir='ltr'>edidit</span> <span class='ocrx_word' id='word_1_20' title='bbox 914 816 1051 874; x_wconf 89' lang='lat' dir='ltr'><strong>Usserius.</strong></span> <span class='ocrx_word' id='word_1_21' title='bbox 1069 818 1163 872; x_wconf 91' lang='lat' dir='ltr'><strong>Ambo</strong></span> <span class='ocrx_word' id='word_1_22' title='bbox 1174 816 1347 874; x_wconf 87' lang='lat' dir='ltr'><strong>conveniunt</strong></span> <span class='ocrx_word' id='word_1_23' title='bbox 1359 819 1389 875; x_wconf 90' lang='lat' dir='ltr'><strong>S.</strong></span> <span class='ocrx_word' id='word_1_24' title='bbox 1399 819 1557 876; x_wconf 80' lang='lat' dir='ltr'>Patricium</span> <span class='ocrx_word' id='word_1_25' title='bbox 1571 819 1711 896; x_wconf 89' lang='lat' dir='ltr'><strong>discipulo</strong></span> <span class='ocrx_word' id='word_1_26' title='bbox 1724 841 1778 881; x_wconf 86' lang='lat' dir='ltr'><strong>suo</strong></span> <span class='ocrx_word' id='word_1_27' title='bbox 1789 826 1896 889; x_wconf 83' lang='lat' dir='ltr'><strong>Ailhoo</strong></span> 
     </span>
     <span class='ocr_line' id='line_1_4' title="bbox 317 917 1898 1002; baseline 0.008 -26"><span class='ocrx_word' id='word_1_28' title='bbox 317 917 459 976; x_wconf 86' lang='lat' dir='ltr'><strong>indicasse</strong></span> <span class='ocrx_word' id='word_1_29' title='bbox 470 923 489 952; x_wconf 87' lang='lat'><strong>“</strong></span> <span class='ocrx_word' id='word_1_30' title='bbox 503 919 603 976; x_wconf 88' lang='lat' dir='ltr'><strong>Altare</strong></span> <span class='ocrx_word' id='word_1_31' title='bbox 617 921 739 978; x_wconf 85' lang='lat' dir='ltr'><strong>mirandi</strong></span> <span class='ocrx_word' id='word_1_32' title='bbox 752 922 856 996; x_wconf 86' lang='lat' dir='ltr'><strong>operis,</strong></span> <span class='ocrx_word' id='word_1_33' title='bbox 867 921 972 977; x_wconf 87' lang='lat' dir='ltr'><strong>habens</strong></span> <span class='ocrx_word' id='word_1_34' title='bbox 983 921 1011 976; x_wconf 91' lang='lat' dir='ltr'><strong>in</strong></span> <span class='ocrx_word' id='word_1_35' title='bbox 1030 929 1152 996; x_wconf 85' lang='lat' dir='ltr'><strong>quatuor</strong></span> <span class='ocrx_word' id='word_1_36' title='bbox 1167 920 1295 993; x_wconf 86' lang='lat' dir='ltr'><strong>Angulis‚</strong></span> <span class='ocrx_word' id='word_1_37' title='bbox 1308 930 1431 994; x_wconf 87' lang='lat' dir='ltr'><strong>quatuor</strong></span> <span class='ocrx_word' id='word_1_38' title='bbox 1443 921 1541 978; x_wconf 83' lang='lat' dir='ltr'><strong>calices</strong></span> <span class='ocrx_word' id='word_1_39' title='bbox 1554 923 1657 980; x_wconf 81' lang='lat' dir='ltr'><strong>vitreos</strong></span> <span class='ocrx_word' id='word_1_40' title='bbox 1677 924 1706 981; x_wconf 89' lang='lat' dir='ltr'><strong>in</strong></span> <span class='ocrx_word' id='word_1_41' title='bbox 1719 945 1806 1002; x_wconf 86' lang='lat' dir='ltr'><strong>specu</strong></span> <span class='ocrx_word' id='word_1_42' title='bbox 1825 932 1898 988; x_wconf 86' lang='lat' dir='ltr'><strong>sub·</strong></span> 
     </span>
     <span class='ocr_line' id='line_1_5' title="bbox 319 1021 1896 1106; baseline 0.008 -29"><span class='ocrx_word' id='word_1_43' title='bbox 319 1021 339 1054; x_wconf 84' lang='lat'><strong><em>“</em></strong></span> <span class='ocrx_word' id='word_1_44' title='bbox 361 1030 498 1090; x_wconf 89' lang='lat' dir='ltr'><strong>terraneo,</strong></span> <span class='ocrx_word' id='word_1_45' title='bbox 513 1023 645 1097; x_wconf 90' lang='lat' dir='ltr'><strong>aquibus</strong></span> <span class='ocrx_word' id='word_1_46' title='bbox 659 1034 758 1082; x_wconf 88' lang='lat' dir='ltr'><strong>autem</strong></span> <span class='ocrx_word' id='word_1_47' title='bbox 773 1026 899 1101; x_wconf 84' lang='lat' dir='ltr'><strong>personis</strong></span> <span class='ocrx_word' id='word_1_48' title='bbox 913 1024 982 1081; x_wconf 92' lang='lat' dir='ltr'><strong>illud</strong></span> <span class='ocrx_word' id='word_1_49' title='bbox 999 1023 1100 1081; x_wconf 85' lang='lat' dir='ltr'><strong>Altare</strong></span> <span class='ocrx_word' id='word_1_50' title='bbox 1124 1023 1232 1080; x_wconf 88' lang='lat' dir='ltr'><strong>lactum</strong></span> <span class='ocrx_word' id='word_1_51' title='bbox 1246 1022 1348 1092; x_wconf 86' lang='lat' dir='ltr'><strong>tuerat,</strong></span> <span class='ocrx_word' id='word_1_52' title='bbox 1359 1032 1410 1080; x_wconf 90' lang='lat' dir='ltr'><strong>aut</strong></span> <span class='ocrx_word' id='word_1_53' title='bbox 1433 1041 1499 1080; x_wconf 91' lang='lat' dir='ltr'><strong>cum</strong></span> <span class='ocrx_word' id='word_1_54' title='bbox 1517 1024 1657 1085; x_wconf 91' lang='lat' dir='ltr'><strong>calicibus</strong></span> <span class='ocrx_word' id='word_1_55' title='bbox 1669 1027 1707 1084; x_wconf 92' lang='lat' dir='ltr'><strong>ihi</strong></span> <span class='ocrx_word' id='word_1_56' title='bbox 1727 1030 1896 1106; x_wconf 88' lang='lat' dir='ltr'><strong>repositum,</strong></span> 
     </span>
     <span class='ocr_line' id='line_1_6' title="bbox 317 1125 912 1204; baseline 0.005 -23"><span class='ocrx_word' id='word_1_57' title='bbox 317 1128 337 1158; x_wconf 85' lang='lat'><strong>“</strong></span> <span class='ocrx_word' id='word_1_58' title='bbox 359 1125 543 1183; x_wconf 88' lang='lat' dir='ltr'><strong>nobisadhuc</strong></span> <span class='ocrx_word' id='word_1_59' title='bbox 556 1136 637 1185; x_wconf 85' lang='lat' dir='ltr'><strong>extat</strong></span> <span class='ocrx_word' id='word_1_60' title='bbox 650 1127 854 1204; x_wconf 83' lang='lat' dir='ltr'><strong>incognitum.’&#39;</strong></span> <span class='ocrx_word' id='word_1_61' title='bbox 866 1130 912 1200; x_wconf 94' lang='grc'><strong>(1)</strong></span> 
     </span>
    </p>

    <p class='ocr_par' dir='ltr' id='par_1_3' title="bbox 315 1228 1900 2548">
     <span class='ocr_line' id='line_1_7' title="bbox 359 1228 1899 1314; baseline 0.007 -28"><span class='ocrx_word' id='word_1_62' title='bbox 359 1229 479 1298; x_wconf 89' lang='lat' dir='ltr'><strong>Quodsi</strong></span> <span class='ocrx_word' id='word_1_63' title='bbox 495 1230 648 1306; x_wconf 88' lang='lat' dir='ltr'><strong>objiciatur</strong></span> <span class='ocrx_word' id='word_1_64' title='bbox 660 1251 698 1289; x_wconf 87' lang='lat' dir='ltr'><strong>ex</strong></span> <span class='ocrx_word' id='word_1_65' title='bbox 712 1230 795 1289; x_wconf 89' lang='lat' dir='ltr'><strong>dictis</strong></span> <span class='ocrx_word' id='word_1_66' title='bbox 808 1231 836 1287; x_wconf 91' lang='lat' dir='ltr'><strong>in</strong></span> <span class='ocrx_word' id='word_1_67' title='bbox 851 1229 1044 1287; x_wconf 88' lang='lat' dir='ltr'><strong>Annotatione</strong></span> <span class='ocrx_word' id='word_1_68' title='bbox 1054 1235 1083 1297; x_wconf 83' lang='lat'><strong>2,</strong></span> <span class='ocrx_word' id='word_1_69' title='bbox 1108 1232 1209 1287; x_wconf 82' lang='lat' dir='ltr'>Artem</span> <span class='ocrx_word' id='word_1_70' title='bbox 1227 1228 1300 1288; x_wconf 69' lang='lat' dir='ltr'><strong>nitro</strong></span> <span class='ocrx_word' id='word_1_71' title='bbox 1313 1231 1493 1289; x_wconf 77' lang='lat' dir='ltr'><strong>cancellandi</strong></span> <span class='ocrx_word' id='word_1_72' title='bbox 1506 1232 1654 1305; x_wconf 78' lang='lat' dir='ltr'><strong>fenestras,</strong></span> <span class='ocrx_word' id='word_1_73' title='bbox 1677 1243 1745 1292; x_wconf 88' lang='lat' dir='ltr'><strong>ante</strong></span> <span class='ocrx_word' id='word_1_74' title='bbox 1762 1246 1899 1314; x_wconf 78' lang='lat' dir='ltr'><strong>tempora</strong></span> 
     </span>
     <span class='ocr_line' id='line_1_8' title="bbox 319 1327 1898 1411; baseline 0.005 -20"><span class='ocrx_word' id='word_1_75' title='bbox 319 1327 439 1392; x_wconf 84' lang='lat' dir='ltr'><strong>Wiliridi</strong></span> <span class='ocrx_word' id='word_1_76' title='bbox 450 1334 574 1411; x_wconf 85' lang='lat' dir='ltr'><strong>ignotam</strong></span> <span class='ocrx_word' id='word_1_77' title='bbox 591 1335 682 1404; x_wconf 85' lang='lat' dir='ltr'><strong>fuisse,</strong></span> <span class='ocrx_word' id='word_1_78' title='bbox 698 1339 725 1393; x_wconf 89' lang='lat' dir='ltr'><strong>id</strong></span> <span class='ocrx_word' id='word_1_79' title='bbox 739 1335 868 1411; x_wconf 87' lang='lat' dir='ltr'>equidem</span> <span class='ocrx_word' id='word_1_80' title='bbox 885 1333 1031 1392; x_wconf 83' lang='lat' dir='ltr'><strong>latendum</strong></span> <span class='ocrx_word' id='word_1_81' title='bbox 1047 1340 1100 1401; x_wconf 84' lang='lat' dir='ltr'><strong>est,</strong></span> <span class='ocrx_word' id='word_1_82' title='bbox 1113 1332 1160 1388; x_wconf 88' lang='lat' dir='ltr'><strong>sed</strong></span> <span class='ocrx_word' id='word_1_83' title='bbox 1175 1331 1240 1389; x_wconf 91' lang='lat' dir='ltr'><strong>inde</strong></span> <span class='ocrx_word' id='word_1_84' title='bbox 1251 1351 1307 1389; x_wconf 90' lang='lat' dir='ltr'><strong>non</strong></span> <span class='ocrx_word' id='word_1_85' title='bbox 1317 1334 1445 1409; x_wconf 88' lang='lat' dir='ltr'><strong>sequitur</strong></span> <span class='ocrx_word' id='word_1_86' title='bbox 1457 1336 1561 1395; x_wconf 86' lang='lat' dir='ltr'><strong>Artem</strong></span> <span class='ocrx_word' id='word_1_87' title='bbox 1583 1357 1651 1396; x_wconf 85' lang='lat' dir='ltr'><strong>vasa</strong></span> <span class='ocrx_word' id='word_1_88' title='bbox 1662 1338 1898 1402; x_wconf 80' lang='lat' dir='ltr'><strong>Vitreat&#39;aciendi</strong></span> 
     </span>
     <span class='ocr_line' id='line_1_9' title="bbox 319 1435 1897 1519; baseline 0.006 -24"><span class='ocrx_word' id='word_1_89' title='bbox 319 1435 405 1495; x_wconf 78' lang='lat' dir='ltr'><strong>fuisse</strong></span> <span class='ocrx_word' id='word_1_90' title='bbox 418 1437 554 1514; x_wconf 89' lang='lat' dir='ltr'><strong>ignotam.</strong></span> <span class='ocrx_word' id='word_1_91' title='bbox 597 1440 719 1498; x_wconf 84' lang='lat' dir='ltr'><strong>Romani</strong></span> <span class='ocrx_word' id='word_1_92' title='bbox 736 1441 814 1497; x_wconf 88' lang='lat' dir='ltr'><strong>Vasa</strong></span> <span class='ocrx_word' id='word_1_93' title='bbox 822 1438 922 1495; x_wconf 84' lang='lat' dir='ltr'><strong>Vitrea</strong></span> <span class='ocrx_word' id='word_1_94' title='bbox 939 1436 1093 1503; x_wconf 89' lang='lat' dir='ltr'><strong>habebant,</strong></span> <span class='ocrx_word' id='word_1_95' title='bbox 1107 1435 1154 1491; x_wconf 89' lang='lat' dir='ltr'><strong>sed</strong></span> <span class='ocrx_word' id='word_1_96' title='bbox 1171 1453 1228 1491; x_wconf 88' lang='lat' dir='ltr'><strong>non</strong></span> <span class='ocrx_word' id='word_1_97' title='bbox 1241 1435 1544 1497; x_wconf 73' lang='lat' dir='ltr'><strong>fenestras-Calices</strong></span> <span class='ocrx_word' id='word_1_98' title='bbox 1557 1440 1661 1519; x_wconf 80' lang='lat' dir='ltr'><strong>vitreos</strong></span> <span class='ocrx_word' id='word_1_99' title='bbox 1675 1445 1897 1504; x_wconf 74' lang='lat' dir='ltr'><strong>memorat&#39;ler·</strong></span> 
     </span>
     <span class='ocr_line' id='line_1_10' title="bbox 317 1539 1895 1624; baseline 0.004 -26"><span class='ocrx_word' id='word_1_100' title='bbox 317 1541 463 1611; x_wconf 86' lang='lat' dir='ltr'><strong>tullianus,</strong></span> <span class='ocrx_word' id='word_1_101' title='bbox 475 1543 502 1599; x_wconf 91' lang='lat' dir='ltr'><strong>in</strong></span> <span class='ocrx_word' id='word_1_102' title='bbox 512 1542 617 1619; x_wconf 85' lang='lat' dir='ltr'><strong>quibus</strong></span> <span class='ocrx_word' id='word_1_103' title='bbox 625 1541 729 1619; x_wconf 84' lang='lat' dir='ltr'><strong>inquit,</strong></span> <span class='ocrx_word' id='word_1_104' title='bbox 738 1542 850 1617; x_wconf 88' lang='lat' dir='ltr'><strong>effigiari</strong></span> <span class='ocrx_word' id='word_1_105' title='bbox 862 1541 1038 1599; x_wconf 80' lang='lat' dir='ltr'><strong>consuevisse</strong></span> <span class='ocrx_word' id='word_1_106' title='bbox 1050 1540 1206 1608; x_wconf 82' lang='lat' dir='ltr'><strong>Pastorem,</strong></span> <span class='ocrx_word' id='word_1_107' title='bbox 1216 1557 1299 1597; x_wconf 89' lang='lat' dir='ltr'><strong>ovem</strong></span> <span class='ocrx_word' id='word_1_108' title='bbox 1308 1539 1433 1598; x_wconf 86' lang='lat' dir='ltr'><strong>humeris</strong></span> <span class='ocrx_word' id='word_1_109' title='bbox 1444 1551 1613 1618; x_wconf 81' lang='lat' dir='ltr'><strong>gestantem,</strong></span> <span class='ocrx_word' id='word_1_110' title='bbox 1624 1545 1708 1620; x_wconf 87' lang='lat' dir='ltr'><strong>cujus</strong></span> <span class='ocrx_word' id='word_1_111' title='bbox 1722 1547 1760 1604; x_wconf 84' lang='lat' dir='ltr'><strong>rei</strong></span> <span class='ocrx_word' id='word_1_112' title='bbox 1769 1547 1895 1624; x_wconf 78' lang='lat' dir='ltr'><strong>plurima</strong></span> 
     </span>
     <span class='ocr_line' id='line_1_11' title="bbox 316 1645 1900 1721; baseline 0.008 -20"><span class='ocrx_word' id='word_1_113' title='bbox 316 1645 450 1721; x_wconf 87' lang='lat' dir='ltr'><strong>exempla</strong></span> <span class='ocrx_word' id='word_1_114' title='bbox 462 1645 604 1703; x_wconf 84' lang='lat' dir='ltr'><strong>habentur</strong></span> <span class='ocrx_word' id='word_1_115' title='bbox 616 1647 646 1703; x_wconf 85' lang='lat' dir='ltr'><strong>in</strong></span> <span class='ocrx_word' id='word_1_116' title='bbox 656 1645 733 1702; x_wconf 86' lang='lat' dir='ltr'><strong>Bosii</strong></span> <span class='ocrx_word' id='word_1_117' title='bbox 744 1647 835 1703; x_wconf 81' lang='lat' dir='ltr'><strong>Roma</strong></span> <span class='ocrx_word' id='word_1_118' title='bbox 843 1647 1036 1702; x_wconf 86' lang='lat' dir='ltr'><strong>subterranea.</strong></span> <span class='ocrx_word' id='word_1_119' title='bbox 1058 1645 1192 1699; x_wconf 82' lang='lat' dir='ltr'><strong>Attamen</strong></span> <span class='ocrx_word' id='word_1_120' title='bbox 1204 1662 1344 1718; x_wconf 80' lang='lat' dir='ltr'><strong>nusquam</strong></span> <span class='ocrx_word' id='word_1_121' title='bbox 1352 1656 1483 1721; x_wconf 86' lang='lat' dir='ltr'><strong>apparet,</strong></span> <span class='ocrx_word' id='word_1_122' title='bbox 1492 1645 1627 1705; x_wconf 79' lang='lat' dir='ltr'><strong>fenestras</strong></span> <span class='ocrx_word' id='word_1_123' title='bbox 1641 1649 1714 1707; x_wconf 79' lang='lat' dir='ltr'><strong>vitro</strong></span> <span class='ocrx_word' id='word_1_124' title='bbox 1722 1653 1900 1714; x_wconf 77' lang='lat' dir='ltr'><strong>cancellatas</strong></span> 
     </span>
     <span class='ocr_line' id='line_1_12' title="bbox 315 1745 1897 1830; baseline 0.006 -24"><span class='ocrx_word' id='word_1_125' title='bbox 315 1746 403 1806; x_wconf 80' lang='lat' dir='ltr'><strong>fuisse</strong></span> <span class='ocrx_word' id='word_1_126' title='bbox 425 1759 553 1824; x_wconf 87' lang='lat' dir='ltr'><strong>tempore</strong></span> <span class='ocrx_word' id='word_1_127' title='bbox 570 1748 750 1806; x_wconf 85' lang='lat' dir='ltr'><strong>Tertulliani.</strong></span> <span class='ocrx_word' id='word_1_128' title='bbox 773 1747 817 1822; x_wconf 80' lang='lat'><strong>(2)</strong></span> <span class='ocrx_word' id='word_1_129' title='bbox 868 1749 988 1805; x_wconf 82' lang='lat' dir='ltr'><strong>Patenas</strong></span> <span class='ocrx_word' id='word_1_130' title='bbox 1003 1745 1202 1804; x_wconf 86' lang='lat' dir='ltr'><strong>Ministeriales</strong></span> <span class='ocrx_word' id='word_1_131' title='bbox 1224 1747 1327 1804; x_wconf 83' lang='lat' dir='ltr'><strong>vitreus</strong></span> <span class='ocrx_word' id='word_1_132' title='bbox 1346 1747 1441 1818; x_wconf 81' lang='lat' dir='ltr'><strong>fuisse,</strong></span> <span class='ocrx_word' id='word_1_133' title='bbox 1468 1749 1619 1827; x_wconf 87' lang='lat' dir='ltr'><strong>Zephyrini</strong></span> <span class='ocrx_word' id='word_1_134' title='bbox 1641 1753 1727 1830; x_wconf 78' lang='lat' dir='ltr'><strong>Papa·</strong></span> <span class='ocrx_word' id='word_1_135' title='bbox 1747 1757 1897 1817; x_wconf 83' lang='lat' dir='ltr'><strong>decretum</strong></span> 
     </span>
     <span class='ocr_line' id='line_1_13' title="bbox 318 1849 1896 1935; baseline 0.006 -29"><span class='ocrx_word' id='word_1_136' title='bbox 318 1850 455 1921; x_wconf 83' lang='lat' dir='ltr'><strong>ostendit,</strong></span> <span class='ocrx_word' id='word_1_137' title='bbox 468 1862 499 1910; x_wconf 90' lang='lat' dir='ltr'><strong>et</strong></span> <span class='ocrx_word' id='word_1_138' title='bbox 511 1850 589 1909; x_wconf 92' lang='lat' dir='ltr'><strong>hunc</strong></span> <span class='ocrx_word' id='word_1_139' title='bbox 603 1870 686 1908; x_wconf 89' lang='lat' dir='ltr'><strong>usum</strong></span> <span class='ocrx_word' id='word_1_140' title='bbox 699 1851 748 1908; x_wconf 90' lang='lat' dir='ltr'><strong>diu</strong></span> <span class='ocrx_word' id='word_1_141' title='bbox 762 1869 954 1927; x_wconf 87' lang='lat' dir='ltr'><strong>perseverasse</strong></span> <span class='ocrx_word' id='word_1_142' title='bbox 966 1858 1078 1907; x_wconf 89' lang='lat' dir='ltr'><strong>constat</strong></span> <span class='ocrx_word' id='word_1_143' title='bbox 1089 1868 1127 1906; x_wconf 83' lang='lat' dir='ltr'><strong>ex</strong></span> <span class='ocrx_word' id='word_1_144' title='bbox 1137 1849 1167 1906; x_wconf 89' lang='lat' dir='ltr'><strong>S.</strong></span> <span class='ocrx_word' id='word_1_145' title='bbox 1181 1849 1349 1927; x_wconf 85' lang='lat' dir='ltr'><strong>Hieronymi</strong></span> <span class='ocrx_word' id='word_1_146' title='bbox 1366 1851 1495 1928; x_wconf 84' lang='lat' dir='ltr'><strong>Epistola</strong></span> <span class='ocrx_word' id='word_1_147' title='bbox 1503 1861 1535 1924; x_wconf 77' lang='lat'><strong>4,</strong></span> <span class='ocrx_word' id='word_1_148' title='bbox 1545 1854 1594 1912; x_wconf 89' lang='lat' dir='ltr'><strong>ubi</strong></span> <span class='ocrx_word' id='word_1_149' title='bbox 1614 1855 1702 1913; x_wconf 83' lang='lat' dir='ltr'><strong>tradit</strong></span> <span class='ocrx_word' id='word_1_150' title='bbox 1715 1857 1896 1935; x_wconf 80' lang='lat' dir='ltr'><strong>Exuperiuns</strong></span> 
     </span>
     <span class='ocr_line' id='line_1_14' title="bbox 320 1952 1897 2038; baseline -0.001 -27"><span class='ocrx_word' id='word_1_151' title='bbox 320 1954 493 2031; x_wconf 86' lang='lat' dir='ltr'><strong>Episcopum</strong></span> <span class='ocrx_word' id='word_1_152' title='bbox 502 1953 686 2024; x_wconf 88' lang='lat' dir='ltr'><strong>Tolosanum,</strong></span> <span class='ocrx_word' id='word_1_153' title='bbox 696 1954 807 2029; x_wconf 87' lang='lat' dir='ltr'><strong>Corpus</strong></span> <span class='ocrx_word' id='word_1_154' title='bbox 822 1954 938 2010; x_wconf 86' lang='lat' dir='ltr'><strong>Domini</strong></span> <span class='ocrx_word' id='word_1_155' title='bbox 951 1952 1085 2011; x_wconf 89' lang='lat' dir='ltr'><strong>Canistro</strong></span> <span class='ocrx_word' id='word_1_156' title='bbox 1096 1952 1229 2021; x_wconf 88' lang='lat' dir='ltr'><strong>vimineo,</strong></span> <span class='ocrx_word' id='word_1_157' title='bbox 1244 1965 1275 2011; x_wconf 88' lang='lat' dir='ltr'><strong>et</strong></span> <span class='ocrx_word' id='word_1_158' title='bbox 1285 1954 1449 2029; x_wconf 84' lang='lat' dir='ltr'><strong>sanguinem</strong></span> <span class='ocrx_word' id='word_1_159' title='bbox 1463 1955 1620 2032; x_wconf 80' lang='lat' dir='ltr'><strong>portares&#39;s</strong></span> <span class='ocrx_word' id='word_1_160' title='bbox 1639 1956 1742 2014; x_wconf 80' lang='lat' dir='ltr'><strong>nitro.”</strong></span> <span class='ocrx_word' id='word_1_161' title='bbox 1757 1960 1805 2029; x_wconf 79' lang='grc'><strong>(3)</strong></span> <span class='ocrx_word' id='word_1_162' title='bbox 1834 1961 1897 2038; x_wconf 77' lang='lat' dir='ltr'><strong>cy.</strong></span> 
     </span>
     <span class='ocr_line' id='line_1_15' title="bbox 318 2056 1895 2136; baseline 0.003 -20"><span class='ocrx_word' id='word_1_163' title='bbox 318 2059 435 2136; x_wconf 86' lang='lat' dir='ltr'><strong>prianus</strong></span> <span class='ocrx_word' id='word_1_164' title='bbox 450 2057 551 2116; x_wconf 85' lang='lat' dir='ltr'><strong>Gallus</strong></span> <span class='ocrx_word' id='word_1_165' title='bbox 563 2057 591 2114; x_wconf 91' lang='lat' dir='ltr'><strong>in</strong></span> <span class='ocrx_word' id='word_1_166' title='bbox 602 2056 671 2114; x_wconf 84' lang='lat' dir='ltr'><strong>Vita</strong></span> <span class='ocrx_word' id='word_1_167' title='bbox 692 2058 722 2114; x_wconf 87' lang='lat' dir='ltr'><strong>S.</strong></span> <span class='ocrx_word' id='word_1_168' title='bbox 730 2056 845 2114; x_wconf 83' lang='lat' dir='ltr'><strong>Caesarii</strong></span> <span class='ocrx_word' id='word_1_169' title='bbox 858 2056 1034 2115; x_wconf 86' lang='lat' dir='ltr'><strong>Arelatensis</strong></span> <span class='ocrx_word' id='word_1_170' title='bbox 1064 2061 1083 2089; x_wconf 91' lang='lat'><strong>“</strong></span> <span class='ocrx_word' id='word_1_171' title='bbox 1100 2060 1215 2127; x_wconf 91' lang='lat' dir='ltr'><strong>Annon,</strong></span> <span class='ocrx_word' id='word_1_172' title='bbox 1229 2057 1332 2133; x_wconf 86' lang='lat' dir='ltr'><strong>inquit,</strong></span> <span class='ocrx_word' id='word_1_173' title='bbox 1358 2059 1387 2114; x_wconf 92' lang='lat' dir='ltr'><strong>in</strong></span> <span class='ocrx_word' id='word_1_174' title='bbox 1404 2059 1479 2116; x_wconf 82' lang='lat' dir='ltr'><strong>nitro</strong></span> <span class='ocrx_word' id='word_1_175' title='bbox 1488 2057 1610 2116; x_wconf 89' lang='lat' dir='ltr'><strong>habetur</strong></span> <span class='ocrx_word' id='word_1_176' title='bbox 1622 2059 1732 2135; x_wconf 81' lang='lat' dir='ltr'><strong>sanguis</strong></span> <span class='ocrx_word' id='word_1_177' title='bbox 1746 2059 1853 2120; x_wconf 83' lang='lat' dir='ltr'><strong>Christi</strong></span> <span class='ocrx_word' id='word_1_178' title='bbox 1863 2062 1895 2119; x_wconf 74' lang='lat' dir='ltr'><strong>t·</strong></span> 
     </span>
     <span class='ocr_line' id='line_1_16' title="bbox 319 2158 1892 2242; baseline 0.003 -21"><span class='ocrx_word' id='word_1_179' title='bbox 319 2165 443 2222; x_wconf 90' lang='lat' dir='ltr'><strong>Demum</strong></span> <span class='ocrx_word' id='word_1_180' title='bbox 468 2164 498 2220; x_wconf 86' lang='lat' dir='ltr'><strong>in</strong></span> <span class='ocrx_word' id='word_1_181' title='bbox 521 2161 651 2222; x_wconf 87' lang='lat' dir='ltr'><strong>Concilio</strong></span> <span class='ocrx_word' id='word_1_182' title='bbox 674 2160 838 2229; x_wconf 87' lang='lat' dir='ltr'><strong>Rhemensi‚</strong></span> <span class='ocrx_word' id='word_1_183' title='bbox 861 2172 994 2236; x_wconf 84' lang='lat' dir='ltr'><strong>regnante</strong></span> <span class='ocrx_word' id='word_1_184' title='bbox 1007 2158 1241 2236; x_wconf 83' lang='lat' dir='ltr'><strong>Carololllsgno,</strong></span> <span class='ocrx_word' id='word_1_185' title='bbox 1262 2159 1345 2218; x_wconf 72' lang='lat' dir='ltr'><strong>Colis</strong></span> <span class='ocrx_word' id='word_1_186' title='bbox 1367 2163 1471 2220; x_wconf 84' lang='lat' dir='ltr'><strong>vitreus</strong></span> <span class='ocrx_word' id='word_1_187' title='bbox 1496 2162 1599 2222; x_wconf 86' lang='lat' dir='ltr'><strong>vetitus</strong></span> <span class='ocrx_word' id='word_1_188' title='bbox 1621 2174 1664 2223; x_wconf 90' lang='lat' dir='ltr'><strong>est</strong></span> <span class='ocrx_word' id='word_1_189' title='bbox 1678 2164 1892 2242; x_wconf 86' lang='lat' dir='ltr'><strong>obpeticulum</strong></span> 
     </span>
     <span class='ocr_line' id='line_1_17' title="bbox 318 2263 1893 2343; baseline 0.001 -17"><span class='ocrx_word' id='word_1_190' title='bbox 318 2266 443 2326; x_wconf 69' lang='lat' dir='ltr'><strong>materiae</strong></span> <span class='ocrx_word' id='word_1_191' title='bbox 455 2264 569 2342; x_wconf 86' lang='lat' dir='ltr'><strong>fragilis.</strong></span> <span class='ocrx_word' id='word_1_192' title='bbox 581 2265 651 2341; x_wconf 87' lang='lat' dir='ltr'><strong>Cap.</strong></span> <span class='ocrx_word' id='word_1_193' title='bbox 664 2264 788 2322; x_wconf 87' lang='lat' dir='ltr'><strong>utCalix</strong></span> <span class='ocrx_word' id='word_1_194' title='bbox 804 2265 839 2321; x_wconf 90' lang='lat' dir='ltr'><strong>de</strong></span> <span class='ocrx_word' id='word_1_195' title='bbox 849 2263 985 2322; x_wconf 88' lang='lat' dir='ltr'><strong>Consecr.</strong></span> <span class='ocrx_word' id='word_1_196' title='bbox 1000 2263 1074 2322; x_wconf 87' lang='lat' dir='ltr'><strong>Dist.</strong></span> <span class='ocrx_word' id='word_1_197' title='bbox 1092 2263 1334 2322; x_wconf 85' lang='lat' dir='ltr'><strong>l.--Phialam</strong></span> <span class='ocrx_word' id='word_1_198' title='bbox 1352 2266 1471 2322; x_wconf 79' lang='lat' dir='ltr'><strong>vitream</strong></span> <span class='ocrx_word' id='word_1_199' title='bbox 1483 2265 1570 2343; x_wconf 77' lang='lat' dir='ltr'><strong>Regis</strong></span> <span class='ocrx_word' id='word_1_200' title='bbox 1587 2266 1682 2323; x_wconf 80' lang='lat' dir='ltr'><strong>Teffiae</strong></span> <span class='ocrx_word' id='word_1_201' title='bbox 1694 2267 1725 2325; x_wconf 91' lang='lat' dir='ltr'><strong>in</strong></span> <span class='ocrx_word' id='word_1_202' title='bbox 1741 2267 1893 2342; x_wconf 77' lang='lat' dir='ltr'><strong>Hibernia,</strong></span> 
     </span>
     <span class='ocr_line' id='line_1_18' title="bbox 318 2365 1895 2448; baseline 0.004 -21"><span class='ocrx_word' id='word_1_203' title='bbox 318 2378 457 2427; x_wconf 89' lang='lat' dir='ltr'><strong>memorat</strong></span> <span class='ocrx_word' id='word_1_204' title='bbox 478 2365 614 2424; x_wconf 83' lang='lat' dir='ltr'><strong>Caelanus</strong></span> <span class='ocrx_word' id='word_1_205' title='bbox 633 2367 745 2425; x_wconf 82' lang='lat' dir='ltr'><strong>Saeculo</strong></span> <span class='ocrx_word' id='word_1_206' title='bbox 757 2371 787 2430; x_wconf 87' lang='grc'><strong>7.</strong></span> <span class='ocrx_word' id='word_1_207' title='bbox 817 2367 933 2426; x_wconf 84' lang='lat' dir='ltr'><strong>Librum</strong></span> <span class='ocrx_word' id='word_1_208' title='bbox 943 2368 1060 2426; x_wconf 75' lang='lat' dir='ltr'><strong>vitream</strong></span> <span class='ocrx_word' id='word_1_209' title='bbox 1085 2368 1271 2426; x_wconf 88' lang='lat' dir='ltr'><strong>ordinationis</strong></span> <span class='ocrx_word' id='word_1_210' title='bbox 1291 2369 1414 2446; x_wconf 86' lang='lat' dir='ltr'><strong>Regum,</strong></span> <span class='ocrx_word' id='word_1_211' title='bbox 1433 2378 1576 2428; x_wconf 86' lang='lat' dir='ltr'><strong>memorat</strong></span> <span class='ocrx_word' id='word_1_212' title='bbox 1594 2372 1766 2448; x_wconf 82' lang='lat' dir='ltr'><strong>precedente</strong></span> <span class='ocrx_word' id='word_1_213' title='bbox 1788 2373 1895 2433; x_wconf 82' lang='lat' dir='ltr'><strong>saeculo</strong></span> 
     </span>
     <span class='ocr_line' id='line_1_19' title="bbox 316 2471 1896 2548; baseline 0.004 -20"><span class='ocrx_word' id='word_1_214' title='bbox 316 2472 472 2541; x_wconf 73' lang='lat' dir='ltr'><strong>Adamana,</strong></span> <span class='ocrx_word' id='word_1_215' title='bbox 491 2474 535 2543; x_wconf 82' lang='lat'><strong>(4)</strong></span> <span class='ocrx_word' id='word_1_216' title='bbox 555 2481 584 2528; x_wconf 90' lang='lat' dir='ltr'><strong>et</strong></span> <span class='ocrx_word' id='word_1_217' title='bbox 596 2471 708 2528; x_wconf 78' lang='lat' dir='ltr'><strong>Calices</strong></span> <span class='ocrx_word' id='word_1_218' title='bbox 720 2472 834 2528; x_wconf 88' lang='lat' dir='ltr'><strong>Vitreos</strong></span> <span class='ocrx_word' id='word_1_219' title='bbox 847 2473 934 2529; x_wconf 84' lang='lat' dir='ltr'><strong>etiam</strong></span> <span class='ocrx_word' id='word_1_220' title='bbox 947 2483 1016 2530; x_wconf 87' lang='lat' dir='ltr'><strong>ante</strong></span> <span class='ocrx_word' id='word_1_221' title='bbox 1036 2473 1065 2529; x_wconf 91' lang='lat' dir='ltr'><strong>S.</strong></span> <span class='ocrx_word' id='word_1_222' title='bbox 1081 2473 1198 2530; x_wconf 83' lang='lat' dir='ltr'><strong>Patricii</strong></span> <span class='ocrx_word' id='word_1_223' title='bbox 1213 2482 1351 2548; x_wconf 89' lang='lat' dir='ltr'><strong>tempora,</strong></span> <span class='ocrx_word' id='word_1_224' title='bbox 1365 2481 1524 2529; x_wconf 87' lang='lat' dir='ltr'><strong>memorant</strong></span> <span class='ocrx_word' id='word_1_225' title='bbox 1530 2471 1683 2531; x_wconf 83' lang='lat' dir='ltr'><strong>locelinus</strong></span> <span class='ocrx_word' id='word_1_226' title='bbox 1696 2482 1726 2532; x_wconf 89' lang='lat' dir='ltr'><strong>et</strong></span> <span class='ocrx_word' id='word_1_227' title='bbox 1737 2474 1896 2537; x_wconf 73' lang='lat' dir='ltr'><strong>Erinna-</strong></span> 
     </span>
    </p>

    <p class='ocr_par' dir='ltr' id='par_1_4' title="bbox 237 2573 1914 3377">
     <span class='ocr_line' id='line_1_20' title="bbox 319 2573 1895 2652; baseline 0.002 -18"><span class='ocrx_word' id='word_1_228' title='bbox 319 2576 432 2634; x_wconf 88' lang='lat' dir='ltr'><strong>Omitto</strong></span> <span class='ocrx_word' id='word_1_229' title='bbox 443 2594 506 2652; x_wconf 74' lang='lat' dir='ltr'><strong>quse</strong></span> <span class='ocrx_word' id='word_1_230' title='bbox 517 2576 554 2633; x_wconf 88' lang='lat' dir='ltr'><strong>de</strong></span> <span class='ocrx_word' id='word_1_231' title='bbox 568 2574 727 2652; x_wconf 82' lang='lat' dir='ltr'><strong>Sepulchra</strong></span> <span class='ocrx_word' id='word_1_232' title='bbox 738 2575 768 2634; x_wconf 89' lang='lat' dir='ltr'><strong>S.</strong></span> <span class='ocrx_word' id='word_1_233' title='bbox 784 2574 917 2651; x_wconf 84' lang='lat' dir='ltr'><strong>Brigidae,</strong></span> <span class='ocrx_word' id='word_1_234' title='bbox 936 2587 967 2633; x_wconf 91' lang='lat' dir='ltr'><strong>et</strong></span> <span class='ocrx_word' id='word_1_235' title='bbox 982 2575 1115 2634; x_wconf 83' lang='lat' dir='ltr'><strong>Ecclesia</strong></span> <span class='ocrx_word' id='word_1_236' title='bbox 1128 2576 1297 2634; x_wconf 87' lang='lat' dir='ltr'><strong>Kildnrense</strong></span> <span class='ocrx_word' id='word_1_237' title='bbox 1306 2575 1393 2633; x_wconf 87' lang='lat' dir='ltr'><strong>tradit</strong></span> <span class='ocrx_word' id='word_1_238' title='bbox 1405 2573 1563 2650; x_wconf 85' lang='lat' dir='ltr'><strong>Cogitosus,</strong></span> <span class='ocrx_word' id='word_1_239' title='bbox 1577 2583 1679 2651; x_wconf 85' lang='lat' dir='ltr'><strong>utpote</strong></span> <span class='ocrx_word' id='word_1_240' title='bbox 1701 2577 1828 2652; x_wconf 89' lang='lat' dir='ltr'><strong>superius</strong></span> <span class='ocrx_word' id='word_1_241' title='bbox 1841 2596 1895 2638; x_wconf 81' lang='lat' dir='ltr'><strong>ex·</strong></span> 
     </span>
     <span class='ocr_line' id='line_1_21' title="bbox 237 2658 1896 2758; baseline 0.001 -19"><span class='ocrx_word' id='word_1_242' title='bbox 237 2658 243 2668; x_wconf 37' lang='lat'>⁵</span> <span class='ocrx_word' id='word_1_243' title='bbox 317 2683 419 2758; x_wconf 86' lang='lat' dir='ltr'><strong>posita,</strong></span> <span class='ocrx_word' id='word_1_244' title='bbox 430 2681 473 2754; x_wconf 91' lang='grc'><strong>(5)</strong></span> <span class='ocrx_word' id='word_1_245' title='bbox 486 2679 588 2756; x_wconf 85' lang='lat' dir='ltr'><strong>quibus</strong></span> <span class='ocrx_word' id='word_1_246' title='bbox 602 2689 697 2736; x_wconf 89' lang='lat' dir='ltr'><strong>tamen</strong></span> <span class='ocrx_word' id='word_1_247' title='bbox 712 2678 863 2754; x_wconf 88' lang='lat' dir='ltr'><strong>adjungere</strong></span> <span class='ocrx_word' id='word_1_248' title='bbox 877 2677 971 2749; x_wconf 88' lang='lat' dir='ltr'><strong>liceat,</strong></span> <span class='ocrx_word' id='word_1_249' title='bbox 985 2680 1087 2737; x_wconf 86' lang='lat' dir='ltr'><strong>Artem</strong></span> <span class='ocrx_word' id='word_1_250' title='bbox 1100 2678 1232 2755; x_wconf 89' lang='lat' dir='ltr'><strong>pingendi</strong></span> <span class='ocrx_word' id='word_1_251' title='bbox 1243 2679 1394 2738; x_wconf 83' lang='lat' dir='ltr'><strong>saeculoVI</strong></span> <span class='ocrx_word' id='word_1_252' title='bbox 1406 2679 1563 2748; x_wconf 87' lang='lat' dir='ltr'><strong>excultam,</strong></span> <span class='ocrx_word' id='word_1_253' title='bbox 1578 2681 1727 2739; x_wconf 88' lang='lat' dir='ltr'><strong>memorari</strong></span> <span class='ocrx_word' id='word_1_254' title='bbox 1740 2683 1777 2739; x_wconf 89' lang='lat' dir='ltr'><strong>ab</strong></span> <span class='ocrx_word' id='word_1_255' title='bbox 1788 2683 1896 2742; x_wconf 87' lang='lat' dir='ltr'><strong>Adam·</strong></span> 
     </span>
     <span class='ocr_line' id='line_1_22' title="bbox 317 2781 1896 2864; baseline -0.001 -21"><span class='ocrx_word' id='word_1_256' title='bbox 317 2802 403 2855; x_wconf 89' lang='lat' dir='ltr'><strong>nano,</strong></span> <span class='ocrx_word' id='word_1_257' title='bbox 416 2783 477 2861; x_wconf 89' lang='lat' dir='ltr'><strong>qui,</strong></span> <span class='ocrx_word' id='word_1_258' title='bbox 494 2787 514 2816; x_wconf 87' lang='lat'>“</span> <span class='ocrx_word' id='word_1_259' title='bbox 530 2782 674 2841; x_wconf 68' lang='lat' dir='ltr'><strong>Sotionem</strong></span> <span class='ocrx_word' id='word_1_260' title='bbox 688 2783 850 2859; x_wconf 88' lang='lat' dir='ltr'><strong>quemdam,</strong></span> <span class='ocrx_word' id='word_1_261' title='bbox 872 2783 985 2841; x_wconf 88' lang='lat' dir='ltr'><strong>nomine</strong></span> <span class='ocrx_word' id='word_1_262' title='bbox 1006 2782 1168 2854; x_wconf 83' lang='lat' dir='ltr'><strong>Gencrestm,</strong></span> <span class='ocrx_word' id='word_1_263' title='bbox 1180 2784 1210 2841; x_wconf 89' lang='lat' dir='ltr'><strong>S.</strong></span> <span class='ocrx_word' id='word_1_264' title='bbox 1220 2784 1368 2840; x_wconf 78' lang='lat' dir='ltr'><strong>columbe</strong></span> <span class='ocrx_word' id='word_1_265' title='bbox 1389 2781 1571 2857; x_wconf 85' lang='lat' dir='ltr'><strong>discipulum,</strong></span> <span class='ocrx_word' id='word_1_266' title='bbox 1596 2783 1688 2841; x_wconf 86' lang='lat' dir='ltr'><strong>virum</strong></span> <span class='ocrx_word' id='word_1_267' title='bbox 1711 2784 1896 2864; x_wconf 77' lang='lat' dir='ltr'><strong>Religiosnm,</strong></span> 
     </span>
     <span class='ocr_line' id='line_1_23' title="bbox 316 2882 1895 2965; baseline 0.001 -19"><span class='ocrx_word' id='word_1_268' title='bbox 316 2888 467 2956; x_wconf 79' lang='lat' dir='ltr'><strong>Pictorem,</strong></span> <span class='ocrx_word' id='word_1_269' title='bbox 498 2898 528 2945; x_wconf 88' lang='lat' dir='ltr'><strong>et</strong></span> <span class='ocrx_word' id='word_1_270' title='bbox 554 2905 620 2962; x_wconf 84' lang='lat' dir='ltr'><strong>opus</strong></span> <span class='ocrx_word' id='word_1_271' title='bbox 649 2885 799 2944; x_wconf 82' lang='lat' dir='ltr'><strong>Pictorians</strong></span> <span class='ocrx_word' id='word_1_272' title='bbox 825 2887 1027 2946; x_wconf 82' lang='lat' dir='ltr'><strong>exercentem&#39;&#39;</strong></span> <span class='ocrx_word' id='word_1_273' title='bbox 1057 2888 1194 2965; x_wconf 82' lang='lat' dir='ltr'><strong>expressis</strong></span> <span class='ocrx_word' id='word_1_274' title='bbox 1219 2888 1313 2944; x_wconf 86' lang='lat' dir='ltr'><strong>verbis</strong></span> <span class='ocrx_word' id='word_1_275' title='bbox 1333 2886 1470 2963; x_wconf 83' lang='lat' dir='ltr'><strong>designat.</strong></span> <span class='ocrx_word' id='word_1_276' title='bbox 1496 2882 1543 2959; x_wconf 88' lang='lat'><strong>(6)</strong></span> <span class='ocrx_word' id='word_1_277' title='bbox 1606 2884 1750 2965; x_wconf 88' lang='lat' dir='ltr'><strong>Denique,</strong></span> <span class='ocrx_word' id='word_1_278' title='bbox 1772 2888 1895 2951; x_wconf 84' lang='lat' dir='ltr'><strong>Codices</strong></span> 
     </span>
     <span class='ocr_line' id='line_1_24' title="bbox 315 2988 1896 3069; baseline -0.001 -17"><span class='ocrx_word' id='word_1_279' title='bbox 315 2991 544 3069; x_wconf 84' lang='lat' dir='ltr'><strong>Evangeliorum,</strong></span> <span class='ocrx_word' id='word_1_280' title='bbox 553 2991 583 3049; x_wconf 92' lang='lat' dir='ltr'><strong>S.</strong></span> <span class='ocrx_word' id='word_1_281' title='bbox 593 2990 741 3051; x_wconf 86' lang='lat' dir='ltr'><strong>Columhae</strong></span> <span class='ocrx_word' id='word_1_282' title='bbox 749 3011 836 3051; x_wconf 90' lang='lat' dir='ltr'><strong>manu</strong></span> <span class='ocrx_word' id='word_1_283' title='bbox 846 3001 990 3062; x_wconf 85' lang='lat' dir='ltr'><strong>exaratos,</strong></span> <span class='ocrx_word' id='word_1_284' title='bbox 1000 3002 1029 3050; x_wconf 88' lang='lat' dir='ltr'><strong>et</strong></span> <span class='ocrx_word' id='word_1_285' title='bbox 1038 3002 1200 3068; x_wconf 87' lang='lat' dir='ltr'><strong>tegumento</strong></span> <span class='ocrx_word' id='word_1_286' title='bbox 1210 3008 1309 3059; x_wconf 87' lang='lat' dir='ltr'><strong>aureo,</strong></span> <span class='ocrx_word' id='word_1_287' title='bbox 1322 2988 1369 3046; x_wconf 86' lang='lat' dir='ltr'><strong>vel</strong></span> <span class='ocrx_word' id='word_1_288' title='bbox 1385 2999 1528 3063; x_wconf 86' lang='lat' dir='ltr'><strong>argenteo,</strong></span> <span class='ocrx_word' id='word_1_289' title='bbox 1542 3005 1578 3046; x_wconf 90' lang='lat' dir='ltr'><strong>ac</strong></span> <span class='ocrx_word' id='word_1_290' title='bbox 1589 2991 1707 3064; x_wconf 83' lang='lat' dir='ltr'><strong>gemmis</strong></span> <span class='ocrx_word' id='word_1_291' title='bbox 1719 2994 1896 3068; x_wconf 82' lang='lat' dir='ltr'><strong>obcoelatos,</strong></span> 
     </span>
     <span class='ocr_line' id='line_1_25' title="bbox 301 3083 1896 3174; baseline -0.002 -13"><span class='ocrx_word' id='word_1_292' title='bbox 301 3100 354 3161; x_wconf 74' lang='lat' dir='ltr'><strong>¹ad</strong></span> <span class='ocrx_word' id='word_1_293' title='bbox 375 3099 463 3158; x_wconf 89' lang='lat' dir='ltr'><strong>instar</strong></span> <span class='ocrx_word' id='word_1_294' title='bbox 483 3097 756 3174; x_wconf 76' lang='lat' dir='ltr'><strong>pretiosissimarum</strong></span> <span class='ocrx_word' id='word_1_295' title='bbox 784 3095 992 3172; x_wconf 89' lang='lat' dir='ltr'><strong>Reliquiarum‚</strong></span> <span class='ocrx_word' id='word_1_296' title='bbox 1005 3095 1042 3152; x_wconf 89' lang='lat' dir='ltr'><strong>ad</strong></span> <span class='ocrx_word' id='word_1_297' title='bbox 1067 3114 1121 3153; x_wconf 89' lang='lat' dir='ltr'><strong>sua</strong></span> <span class='ocrx_word' id='word_1_298' title='bbox 1143 3112 1231 3168; x_wconf 88' lang='lat' dir='ltr'><strong>usque</strong></span> <span class='ocrx_word' id='word_1_299' title='bbox 1254 3104 1386 3169; x_wconf 89' lang='lat' dir='ltr'><strong>tempora</strong></span> <span class='ocrx_word' id='word_1_300' title='bbox 1406 3083 1594 3164; x_wconf 85' lang='lat' dir='ltr'><strong>conservatos,</strong></span> <span class='ocrx_word' id='word_1_301' title='bbox 1608 3103 1638 3170; x_wconf 88' lang='lat' dir='ltr'><strong>et</strong></span> <span class='ocrx_word' id='word_1_302' title='bbox 1654 3095 1701 3170; x_wconf 84' lang='lat' dir='ltr'><strong>pia</strong></span> <span class='ocrx_word' id='word_1_303' title='bbox 1714 3097 1896 3158; x_wconf 81' lang='lat' dir='ltr'><strong>veneratione</strong></span> 
     </span>
     <span class='ocr_line' id='line_1_26' title="bbox 315 3180 1914 3280; baseline 0.001 -20"><span class='ocrx_word' id='word_1_304' title='bbox 315 3202 438 3272; x_wconf 88' lang='lat' dir='ltr'><strong>habitos,</strong></span> <span class='ocrx_word' id='word_1_305' title='bbox 463 3202 587 3278; x_wconf 86' lang='lat' dir='ltr'><strong>Magnus</strong></span> <span class='ocrx_word' id='word_1_306' title='bbox 612 3198 776 3270; x_wconf 88' lang='lat' dir='ltr'><strong>O’Donnel,</strong></span> <span class='ocrx_word' id='word_1_307' title='bbox 791 3199 839 3275; x_wconf 91' lang='lat' dir='ltr'><strong>qui</strong></span> <span class='ocrx_word' id='word_1_308' title='bbox 862 3199 960 3256; x_wconf 83' lang='lat' dir='ltr'><strong>Vitam</strong></span> <span class='ocrx_word' id='word_1_309' title='bbox 981 3199 1044 3272; x_wconf 87' lang='lat' dir='ltr'><strong>ejus</strong></span> <span class='ocrx_word' id='word_1_310' title='bbox 1071 3199 1228 3258; x_wconf 88' lang='lat' dir='ltr'><strong>Hibernice</strong></span> <span class='ocrx_word' id='word_1_311' title='bbox 1245 3197 1361 3275; x_wconf 85' lang='lat' dir='ltr'><strong>scripsit</strong></span> <span class='ocrx_word' id='word_1_312' title='bbox 1383 3215 1460 3255; x_wconf 88' lang='lat' dir='ltr'><strong>anno</strong></span> <span class='ocrx_word' id='word_1_313' title='bbox 1483 3201 1568 3269; x_wconf 80' lang='lat'><strong>1520,</strong></span> <span class='ocrx_word' id='word_1_314' title='bbox 1604 3197 1709 3258; x_wconf 88' lang='lat' dir='ltr'><strong>iterum</strong></span> <span class='ocrx_word' id='word_1_315' title='bbox 1730 3180 1914 3280; x_wconf 67' lang='lat' dir='ltr'><strong>iterumque</strong></span> 
     </span>
     <span class='ocr_line' id='line_1_27' title="bbox 316 3303 501 3377; baseline 0.005 -15"><span class='ocrx_word' id='word_1_316' title='bbox 316 3303 501 3377; x_wconf 83' lang='lat' dir='ltr'><strong>testatur.(7)</strong></span> 
     </span>
    </p>
   </div>
   <div class='ocr_carea' id='block_1_3' title="bbox 738 3480 1472 3525">
    <p class='ocr_par' dir='ltr' id='par_1_5' title="bbox 738 3480 1472 3525">
     <span class='ocr_line' id='line_1_28' title="bbox 738 3480 1472 3525; baseline -0.001 -2"><span class='ocrx_word' id='word_1_317' title='bbox 738 3483 782 3523; x_wconf 74' lang='lat' dir='ltr'><strong>DE</strong></span> <span class='ocrx_word' id='word_1_318' title='bbox 799 3483 949 3524; x_wconf 73' lang='lat' dir='ltr'><strong>ARTIBUS</strong></span> <span class='ocrx_word' id='word_1_319' title='bbox 966 3483 1205 3525; x_wconf 75' lang='lat' dir='ltr'><strong>trtnnttrtottutt</strong></span> <span class='ocrx_word' id='word_1_320' title='bbox 1222 3480 1472 3523; x_wconf 68' lang='lat' dir='ltr'><strong>alestannus.</strong></span> 
     </span>
    </p>
   </div>
   <div class='ocr_carea' id='block_1_4' title="bbox 311 3614 1893 4216">
    <p class='ocr_par' dir='ltr' id='par_1_6' title="bbox 311 3614 1893 4216">
     <span class='ocr_line' id='line_1_29' title="bbox 358 3614 1893 3696; baseline -0.002 -17"><span class='ocrx_word' id='word_1_321' title='bbox 358 3620 404 3679; x_wconf 91' lang='lat' dir='ltr'><strong>De</strong></span> <span class='ocrx_word' id='word_1_322' title='bbox 416 3617 519 3678; x_wconf 91' lang='lat' dir='ltr'><strong>scholis</strong></span> <span class='ocrx_word' id='word_1_323' title='bbox 529 3618 646 3677; x_wconf 82' lang='lat' dir='ltr'><strong>vetustis</strong></span> <span class='ocrx_word' id='word_1_324' title='bbox 659 3617 864 3689; x_wconf 83' lang='lat' dir='ltr'><strong>Hibernorum,</strong></span> <span class='ocrx_word' id='word_1_325' title='bbox 878 3617 1023 3677; x_wconf 87' lang='lat' dir='ltr'><strong>lohannes</strong></span> <span class='ocrx_word' id='word_1_326' title='bbox 1033 3619 1149 3678; x_wconf 86' lang='lat' dir='ltr'><strong>Rossius</strong></span> <span class='ocrx_word' id='word_1_327' title='bbox 1162 3617 1356 3676; x_wconf 76' lang='lat' dir='ltr'><strong>warwicensis</strong></span> <span class='ocrx_word' id='word_1_328' title='bbox 1362 3617 1535 3696; x_wconf 83' lang='lat' dir='ltr'><strong>jampridem</strong></span> <span class='ocrx_word' id='word_1_329' title='bbox 1549 3617 1721 3675; x_wconf 82' lang='lat' dir='ltr'><strong>monuit-“</strong></span> <span class='ocrx_word' id='word_1_330' title='bbox 1737 3614 1893 3693; x_wconf 79' lang='lat' dir='ltr'><strong>Magistros</strong></span> 
     </span>
     <span class='ocr_line' id='line_1_30' title="bbox 316 3719 1891 3800; baseline -0.001 -18"><span class='ocrx_word' id='word_1_331' title='bbox 316 3729 336 3762; x_wconf 84' lang='lat'>“</span> <span class='ocrx_word' id='word_1_332' title='bbox 358 3722 488 3782; x_wconf 84' lang='lat' dir='ltr'><strong>docuisse</strong></span> <span class='ocrx_word' id='word_1_333' title='bbox 502 3722 656 3780; x_wconf 86' lang='lat' dir='ltr'><strong>secundam</strong></span> <span class='ocrx_word' id='word_1_334' title='bbox 684 3722 802 3780; x_wconf 87' lang='lat' dir='ltr'><strong>formam</strong></span> <span class='ocrx_word' id='word_1_335' title='bbox 823 3723 982 3782; x_wconf 86' lang='lat' dir='ltr'><strong>studiorum</strong></span> <span class='ocrx_word' id='word_1_336' title='bbox 1005 3725 1200 3800; x_wconf 84' lang='lat' dir='ltr'><strong>antiquorum,</strong></span> <span class='ocrx_word' id='word_1_337' title='bbox 1214 3741 1281 3782; x_wconf 89' lang='lat' dir='ltr'><strong>cum</strong></span> <span class='ocrx_word' id='word_1_338' title='bbox 1298 3722 1409 3779; x_wconf 85' lang='lat' dir='ltr'><strong>Divinis</strong></span> <span class='ocrx_word' id='word_1_339' title='bbox 1422 3720 1555 3780; x_wconf 81' lang='lat' dir='ltr'><strong>videlicet</strong></span> <span class='ocrx_word' id='word_1_340' title='bbox 1565 3721 1675 3792; x_wconf 87' lang='lat' dir='ltr'><strong>studiis,</strong></span> <span class='ocrx_word' id='word_1_341' title='bbox 1690 3719 1891 3781; x_wconf 84' lang='lat' dir='ltr'><strong>humaniorem</strong></span> 
     </span>
     <span class='ocr_line' id='line_1_31' title="bbox 316 3824 1892 3903; baseline -0.003 -15"><span class='ocrx_word' id='word_1_342' title='bbox 316 3835 335 3863; x_wconf 79' lang='lat'><strong>‘⁶</strong></span> <span class='ocrx_word' id='word_1_343' title='bbox 356 3831 442 3888; x_wconf 91' lang='lat' dir='ltr'><strong>etiam</strong></span> <span class='ocrx_word' id='word_1_344' title='bbox 456 3831 634 3887; x_wconf 86' lang='lat' dir='ltr'><strong>literaturam</strong></span> <span class='ocrx_word' id='word_1_345' title='bbox 650 3826 880 3902; x_wconf 56' lang='lat' dir='ltr'><strong>conjungentes?</strong></span> <span class='ocrx_word' id='word_1_346' title='bbox 893 3827 938 3899; x_wconf 83' lang='lat'><strong>(8)</strong></span> <span class='ocrx_word' id='word_1_347' title='bbox 971 3829 1081 3887; x_wconf 87' lang='lat' dir='ltr'><strong>Eadem</strong></span> <span class='ocrx_word' id='word_1_348' title='bbox 1107 3828 1195 3886; x_wconf 87' lang='lat' dir='ltr'><strong>tradit</strong></span> <span class='ocrx_word' id='word_1_349' title='bbox 1218 3825 1394 3885; x_wconf 87' lang='lat' dir='ltr'><strong>Trithemius</strong></span> <span class='ocrx_word' id='word_1_350' title='bbox 1417 3826 1446 3884; x_wconf 89' lang='lat' dir='ltr'><strong>in</strong></span> <span class='ocrx_word' id='word_1_351' title='bbox 1470 3824 1615 3884; x_wconf 84' lang='lat' dir='ltr'><strong>Chronico</strong></span> <span class='ocrx_word' id='word_1_352' title='bbox 1634 3824 1892 3903; x_wconf 88' lang='lat' dir='ltr'><strong>Hersaugiensaad</strong></span> 
     </span>
     <span class='ocr_line' id='line_1_32' title="bbox 313 3926 1893 4006; baseline -0.007 -9"><span class='ocrx_word' id='word_1_353' title='bbox 313 3942 501 4005; x_wconf 76' lang='grc'><strong>1111111890,</strong></span> <span class='ocrx_word' id='word_1_354' title='bbox 516 3946 545 3992; x_wconf 85' lang='lat' dir='ltr'><strong>et</strong></span> <span class='ocrx_word' id='word_1_355' title='bbox 558 3933 586 3991; x_wconf 90' lang='lat' dir='ltr'><strong>in</strong></span> <span class='ocrx_word' id='word_1_356' title='bbox 598 3933 683 3989; x_wconf 90' lang='lat' dir='ltr'><strong>Libro</strong></span> <span class='ocrx_word' id='word_1_357' title='bbox 694 3932 730 3989; x_wconf 89' lang='lat' dir='ltr'><strong>de</strong></span> <span class='ocrx_word' id='word_1_358' title='bbox 743 3932 901 3990; x_wconf 87' lang='lat' dir='ltr'><strong>lllustribus</strong></span> <span class='ocrx_word' id='word_1_359' title='bbox 916 3933 980 3990; x_wconf 86' lang='lat' dir='ltr'><strong>viris</strong></span> <span class='ocrx_word' id='word_1_360' title='bbox 990 3932 1181 3990; x_wconf 74' lang='lat' dir='ltr'><strong>benedictinis</strong></span> <span class='ocrx_word' id='word_1_361' title='bbox 1191 3932 1211 3989; x_wconf 87' lang='grc' dir='ltr'><strong>Ι.</strong></span> <span class='ocrx_word' id='word_1_362' title='bbox 1223 3939 1250 3999; x_wconf 92' lang='grc'><strong>1,</strong></span> <span class='ocrx_word' id='word_1_363' title='bbox 1265 3950 1292 3991; x_wconf 91' lang='lat' dir='ltr'><strong>c.</strong></span> <span class='ocrx_word' id='word_1_364' title='bbox 1303 3926 1333 3999; x_wconf 86' lang='lat'><strong>6,</strong></span> <span class='ocrx_word' id='word_1_365' title='bbox 1351 3931 1476 4006; x_wconf 88' lang='lat' dir='ltr'><strong>itemque</strong></span> <span class='ocrx_word' id='word_1_366' title='bbox 1490 3929 1711 4006; x_wconf 74' lang='lat' dir='ltr'><strong>christophorus</strong></span> <span class='ocrx_word' id='word_1_367' title='bbox 1728 3932 1841 3989; x_wconf 84' lang='lat' dir='ltr'><strong>Brower</strong></span> <span class='ocrx_word' id='word_1_368' title='bbox 1861 3930 1893 3987; x_wconf 87' lang='lat' dir='ltr'><strong>ia</strong></span> 
     </span>
     <span class='ocr_line' id='line_1_33' title="bbox 313 4031 1892 4115; baseline -0.004 -19"><span class='ocrx_word' id='word_1_369' title='bbox 313 4040 526 4115; x_wconf 85' lang='lat' dir='ltr'><strong>Antiquitatum</strong></span> <span class='ocrx_word' id='word_1_370' title='bbox 542 4036 724 4095; x_wconf 88' lang='lat' dir='ltr'><strong>Fuldensium</strong></span> <span class='ocrx_word' id='word_1_371' title='bbox 742 4034 815 4093; x_wconf 89' lang='lat' dir='ltr'><strong>libro</strong></span> <span class='ocrx_word' id='word_1_372' title='bbox 831 4043 858 4105; x_wconf 92' lang='grc'><strong>1,</strong></span> <span class='ocrx_word' id='word_1_373' title='bbox 872 4042 999 4106; x_wconf 88' lang='lat' dir='ltr'><strong>c.9,10,</strong></span> <span class='ocrx_word' id='word_1_374' title='bbox 1012 4035 1286 4094; x_wconf 88' lang='lat' dir='ltr'><strong>ll.-Recentiores</strong></span> <span class='ocrx_word' id='word_1_375' title='bbox 1302 4043 1369 4092; x_wconf 90' lang='lat' dir='ltr'><strong>sunt</strong></span> <span class='ocrx_word' id='word_1_376' title='bbox 1381 4033 1436 4091; x_wconf 89' lang='lat' dir='ltr'><strong>isti.</strong></span> <span class='ocrx_word' id='word_1_377' title='bbox 1457 4033 1791 4103; x_wconf 76' lang='lat' dir='ltr'><strong>confirmanturautem,</strong></span> <span class='ocrx_word' id='word_1_378' title='bbox 1814 4043 1843 4091; x_wconf 86' lang='lat' dir='ltr'><strong>&#39;et</strong></span> <span class='ocrx_word' id='word_1_379' title='bbox 1855 4031 1892 4090; x_wconf 78' lang='lat' dir='ltr'><strong>il·¹</strong></span> 
     </span>
     <span class='ocr_line' id='line_1_34' title="bbox 311 4132 1888 4216; baseline -0.006 -16"><span class='ocrx_word' id='word_1_380' title='bbox 311 4142 471 4200; x_wconf 88' lang='lat' dir='ltr'><strong>lustrantur</strong></span> <span class='ocrx_word' id='word_1_381' title='bbox 484 4154 622 4200; x_wconf 77' lang='lat' dir='ltr'><strong>aretusto</strong></span> <span class='ocrx_word' id='word_1_382' title='bbox 632 4141 739 4200; x_wconf 89' lang='lat' dir='ltr'><strong>Codice</strong></span> <span class='ocrx_word' id='word_1_383' title='bbox 751 4141 928 4200; x_wconf 82' lang='lat' dir='ltr'><strong>lliberuense</strong></span> <span class='ocrx_word' id='word_1_384' title='bbox 939 4150 1108 4199; x_wconf 86' lang='lat' dir='ltr'><strong>conservato</strong></span> <span class='ocrx_word' id='word_1_385' title='bbox 1122 4139 1281 4216; x_wconf 83' lang='lat' dir='ltr'><strong>Wigomiae,</strong></span> <span class='ocrx_word' id='word_1_386' title='bbox 1293 4138 1342 4216; x_wconf 92' lang='lat' dir='ltr'><strong>qui</strong></span> <span class='ocrx_word' id='word_1_387' title='bbox 1354 4138 1483 4196; x_wconf 88' lang='lat' dir='ltr'><strong>continet</strong></span> <span class='ocrx_word' id='word_1_388' title='bbox 1502 4142 1522 4171; x_wconf 90' lang='lat'>“</span> <span class='ocrx_word' id='word_1_389' title='bbox 1538 4135 1742 4196; x_wconf 62' lang='lat' dir='ltr'><strong>Commutatio</strong></span> <span class='ocrx_word' id='word_1_390' title='bbox 1752 4132 1888 4192; x_wconf 69' lang='lat' dir='ltr'><strong>Dentes</strong></span> 
     </span>
    </p>
   </div>
   <div class='ocr_carea' id='block_1_5' title="bbox 320 4306 1890 4338">
    <p class='ocr_par' dir='ltr' id='par_1_7' title="bbox 320 4306 1890 4338">
     <span class='ocr_line' id='line_1_35' title="bbox 320 4306 1890 4338; baseline -0.004 -6"><span class='ocrx_word' id='word_1_391' title='bbox 320 4306 1890 4338; x_wconf 50' lang='lat' dir='ltr'>W</span> 
     </span>
    </p>
   </div>
   <div class='ocr_carea' id='block_1_6' title="bbox 314 4421 1894 4966">
    <p class='ocr_par' dir='ltr' id='par_1_8' title="bbox 332 4421 1654 4506">
     <span class='ocr_line' id='line_1_36' title="bbox 332 4421 1654 4506; baseline -0.008 -16"><span class='ocrx_word' id='word_1_392' title='bbox 332 4437 376 4506; x_wconf 91' lang='grc'><strong>(1)</strong></span> <span class='ocrx_word' id='word_1_393' title='bbox 391 4437 483 4487; x_wconf 71' lang='lat' dir='ltr'><strong>incelis</strong></span> <span class='ocrx_word' id='word_1_394' title='bbox 493 4435 517 4482; x_wconf 91' lang='lat' dir='ltr'><strong>in</strong></span> <span class='ocrx_word' id='word_1_395' title='bbox 528 4433 578 4483; x_wconf 79' lang='lat' dir='ltr'><strong>vit.</strong></span> <span class='ocrx_word' id='word_1_396' title='bbox 591 4433 615 4482; x_wconf 89' lang='lat' dir='ltr'><strong>S.</strong></span> <span class='ocrx_word' id='word_1_397' title='bbox 629 4433 693 4481; x_wconf 84' lang='lat' dir='ltr'><strong>Patr.</strong></span> <span class='ocrx_word' id='word_1_398' title='bbox 704 4451 726 4483; x_wconf 90' lang='lat' dir='ltr'><strong>c.</strong></span> <span class='ocrx_word' id='word_1_399' title='bbox 736 4440 791 4492; x_wconf 81' lang='lat' dir='ltr'><strong>tos,</strong></span> <span class='ocrx_word' id='word_1_400' title='bbox 802 4438 827 4485; x_wconf 92' lang='lat' dir='ltr'><strong>in</strong></span> <span class='ocrx_word' id='word_1_401' title='bbox 836 4438 924 4486; x_wconf 84' lang='lat' dir='ltr'><strong>Triade</strong></span> <span class='ocrx_word' id='word_1_402' title='bbox 935 4454 959 4502; x_wconf 89' lang='lat' dir='ltr'><strong>p.</strong></span> <span class='ocrx_word' id='word_1_403' title='bbox 972 4442 1013 4493; x_wconf 83' lang='lat'><strong>89,</strong></span> <span class='ocrx_word' id='word_1_404' title='bbox 1023 4446 1049 4487; x_wconf 87' lang='lat' dir='ltr'><strong>et</strong></span> <span class='ocrx_word' id='word_1_405' title='bbox 1057 4437 1161 4502; x_wconf 84' lang='lat' dir='ltr'><strong>Tripsrt.</strong></span> <span class='ocrx_word' id='word_1_406' title='bbox 1174 4436 1250 4500; x_wconf 90' lang='lat' dir='ltr'><strong>Opus,</strong></span> <span class='ocrx_word' id='word_1_407' title='bbox 1261 4435 1349 4485; x_wconf 81' lang='lat' dir='ltr'><strong>Trisde</strong></span> <span class='ocrx_word' id='word_1_408' title='bbox 1360 4443 1422 4500; x_wconf 88' lang='lat' dir='ltr'><strong>part.</strong></span> <span class='ocrx_word' id='word_1_409' title='bbox 1435 4439 1459 4491; x_wconf 79' lang='lat'><strong>2,</strong></span> <span class='ocrx_word' id='word_1_410' title='bbox 1470 4451 1493 4484; x_wconf 89' lang='lat' dir='ltr'><strong>c.</strong></span> <span class='ocrx_word' id='word_1_411' title='bbox 1504 4436 1546 4490; x_wconf 78' lang='grc'><strong>85,</strong></span> <span class='ocrx_word' id='word_1_412' title='bbox 1562 4449 1586 4497; x_wconf 91' lang='lat' dir='ltr'><strong>p.</strong></span> <span class='ocrx_word' id='word_1_413' title='bbox 1599 4421 1654 4481; x_wconf 70' lang='grc'><strong>184.</strong></span> 
     </span>
    </p>

    <p class='ocr_par' dir='ltr' id='par_1_9' title="bbox 329 4504 1894 4667">
     <span class='ocr_line' id='line_1_37' title="bbox 332 4504 1894 4587; baseline -0.01 -16"><span class='ocrx_word' id='word_1_414' title='bbox 332 4520 376 4587; x_wconf 71' lang='lat' dir='ltr'><strong>(l)</strong></span> <span class='ocrx_word' id='word_1_415' title='bbox 393 4519 482 4569; x_wconf 76' lang='lat' dir='ltr'><strong>Tartesi.</strong></span> <span class='ocrx_word' id='word_1_416' title='bbox 496 4519 528 4565; x_wconf 88' lang='lat' dir='ltr'><strong>de</strong></span> <span class='ocrx_word' id='word_1_417' title='bbox 548 4514 669 4564; x_wconf 85' lang='lat' dir='ltr'><strong>Pudicitia</strong></span> <span class='ocrx_word' id='word_1_418' title='bbox 680 4529 700 4561; x_wconf 88' lang='lat' dir='ltr'><strong>c.</strong></span> <span class='ocrx_word' id='word_1_419' title='bbox 712 4518 737 4574; x_wconf 89' lang='grc'><strong>6,</strong></span> <span class='ocrx_word' id='word_1_420' title='bbox 758 4525 784 4563; x_wconf 86' lang='lat' dir='ltr'><strong>et</strong></span> <span class='ocrx_word' id='word_1_421' title='bbox 802 4521 842 4572; x_wconf 83' lang='lat'><strong>10,</strong></span> <span class='ocrx_word' id='word_1_422' title='bbox 853 4518 918 4581; x_wconf 83' lang='lat' dir='ltr'><strong>apud</strong></span> <span class='ocrx_word' id='word_1_423' title='bbox 930 4517 1010 4567; x_wconf 80' lang='lat' dir='ltr'><strong>Busan</strong></span> <span class='ocrx_word' id='word_1_424' title='bbox 1030 4518 1119 4567; x_wconf 73' lang='lat' dir='ltr'><strong>Annab</strong></span> <span class='ocrx_word' id='word_1_425' title='bbox 1131 4525 1150 4566; x_wconf 84' lang='lat' dir='ltr'><strong>t.</strong></span> <span class='ocrx_word' id='word_1_426' title='bbox 1163 4521 1185 4573; x_wconf 86' lang='lat'><strong>1,</strong></span> <span class='ocrx_word' id='word_1_427' title='bbox 1197 4531 1222 4580; x_wconf 89' lang='lat' dir='ltr'><strong>p.</strong></span> <span class='ocrx_word' id='word_1_428' title='bbox 1235 4517 1291 4576; x_wconf 76' lang='lat'><strong>24⁵,</strong></span> <span class='ocrx_word' id='word_1_429' title='bbox 1303 4516 1362 4564; x_wconf 84' lang='lat' dir='ltr'><strong>edit.</strong></span> <span class='ocrx_word' id='word_1_430' title='bbox 1375 4514 1450 4572; x_wconf 74' lang='lat' dir='ltr'><strong>Paris,</strong></span> <span class='ocrx_word' id='word_1_431' title='bbox 1473 4516 1547 4574; x_wconf 74' lang='lat' dir='ltr'><strong>toto,</strong></span> <span class='ocrx_word' id='word_1_432' title='bbox 1567 4509 1719 4578; x_wconf 63' lang='lat' dir='ltr'><strong>ethingltom</strong></span> <span class='ocrx_word' id='word_1_433' title='bbox 1735 4506 1789 4560; x_wconf 75' lang='grc'><strong>1000</strong></span> <span class='ocrx_word' id='word_1_434' title='bbox 1808 4504 1894 4572; x_wconf 74' lang='lat' dir='ltr'><strong>citato,</strong></span> 
     </span>
     <span class='ocr_line' id='line_1_38' title="bbox 329 4593 1052 4667; baseline -0.011 -16"><span class='ocrx_word' id='word_1_435' title='bbox 329 4617 386 4667; x_wconf 81' lang='lat' dir='ltr'><strong>pag.</strong></span> <span class='ocrx_word' id='word_1_436' title='bbox 397 4603 453 4650; x_wconf 81' lang='grc'><strong>305.</strong></span> <span class='ocrx_word' id='word_1_437' title='bbox 487 4599 553 4650; x_wconf 75' lang='lat' dir='ltr'><strong>,Bona</strong></span> <span class='ocrx_word' id='word_1_438' title='bbox 564 4595 623 4644; x_wconf 72' lang='lat' dir='ltr'><strong>lter.</strong></span> <span class='ocrx_word' id='word_1_439' title='bbox 634 4593 723 4657; x_wconf 74' lang='lat' dir='ltr'><strong>liturg.</strong></span> <span class='ocrx_word' id='word_1_440' title='bbox 735 4594 753 4641; x_wconf 89' lang='grc' dir='ltr'><strong>Ι.</strong></span> <span class='ocrx_word' id='word_1_441' title='bbox 767 4601 790 4649; x_wconf 88' lang='grc'><strong>1,</strong></span> <span class='ocrx_word' id='word_1_442' title='bbox 801 4611 822 4643; x_wconf 90' lang='lat' dir='ltr'><strong>c.</strong></span> <span class='ocrx_word' id='word_1_443' title='bbox 832 4598 872 4651; x_wconf 77' lang='lat'><strong>25,</strong></span> <span class='ocrx_word' id='word_1_444' title='bbox 883 4598 1052 4658; x_wconf 64' lang='lat' dir='ltr'><strong>psit—m.</strong></span> 
     </span>
    </p>

    <p class='ocr_par' dir='ltr' id='par_1_10' title="bbox 330 4673 1353 4747">
     <span class='ocr_line' id='line_1_39' title="bbox 330 4673 1353 4747; baseline -0.008 -16"><span class='ocrx_word' id='word_1_445' title='bbox 330 4682 373 4747; x_wconf 79' lang='lat' dir='ltr'><strong>(S)</strong></span> <span class='ocrx_word' id='word_1_446' title='bbox 390 4682 479 4730; x_wconf 83' lang='lat' dir='ltr'><strong>Hieron</strong></span> <span class='ocrx_word' id='word_1_447' title='bbox 487 4678 562 4744; x_wconf 82' lang='lat' dir='ltr'><strong>Epist.</strong></span> <span class='ocrx_word' id='word_1_448' title='bbox 573 4681 598 4733; x_wconf 79' lang='lat'><strong>4,</strong></span> <span class='ocrx_word' id='word_1_449' title='bbox 610 4677 641 4724; x_wconf 84' lang='lat' dir='ltr'><strong>ed</strong></span> <span class='ocrx_word' id='word_1_450' title='bbox 653 4673 787 4735; x_wconf 84' lang='lat' dir='ltr'><strong>Rusticum,</strong></span> <span class='ocrx_word' id='word_1_451' title='bbox 797 4674 861 4739; x_wconf 85' lang='lat' dir='ltr'><strong>apud</strong></span> <span class='ocrx_word' id='word_1_452' title='bbox 874 4673 990 4737; x_wconf 82' lang='lat' dir='ltr'><strong>Bingbans</strong></span> <span class='ocrx_word' id='word_1_453' title='bbox 1000 4676 1058 4725; x_wconf 84' lang='lat' dir='ltr'><strong>ibid.</strong></span> <span class='ocrx_word' id='word_1_454' title='bbox 1069 4677 1085 4727; x_wconf 90' lang='lat' dir='ltr'><strong>l.</strong></span> <span class='ocrx_word' id='word_1_455' title='bbox 1092 4681 1116 4741; x_wconf 77' lang='lat'><strong>8,</strong></span> <span class='ocrx_word' id='word_1_456' title='bbox 1126 4693 1148 4726; x_wconf 88' lang='lat' dir='ltr'><strong>c.</strong></span> <span class='ocrx_word' id='word_1_457' title='bbox 1155 4679 1181 4736; x_wconf 92' lang='grc'><strong>6,</strong></span> <span class='ocrx_word' id='word_1_458' title='bbox 1191 4675 1249 4739; x_wconf 60' lang='lat' dir='ltr'><strong>§th</strong></span> <span class='ocrx_word' id='word_1_459' title='bbox 1260 4678 1353 4738; x_wconf 68' lang='grc'><strong>11805.</strong></span> 
     </span>
    </p>

    <p class='ocr_par' dir='ltr' id='par_1_11' title="bbox 314 4758 744 4823">
     <span class='ocr_line' id='line_1_40' title="bbox 314 4758 744 4823; baseline -0.007 -15"><span class='ocrx_word' id='word_1_460' title='bbox 314 4758 374 4823; x_wconf 75' lang='grc'>((4)</span> <span class='ocrx_word' id='word_1_461' title='bbox 390 4762 511 4808; x_wconf 75' lang='lat' dir='ltr'><strong>Adamana</strong></span> <span class='ocrx_word' id='word_1_462' title='bbox 523 4760 538 4807; x_wconf 95' lang='lat' dir='ltr'><strong>l.</strong></span> <span class='ocrx_word' id='word_1_463' title='bbox 550 4761 575 4814; x_wconf 78' lang='lat' dir='ltr'><strong>S,</strong></span> <span class='ocrx_word' id='word_1_464' title='bbox 585 4773 607 4806; x_wconf 84' lang='lat' dir='ltr'><strong>c.</strong></span> <span class='ocrx_word' id='word_1_465' title='bbox 616 4758 640 4813; x_wconf 83' lang='lat'><strong>5.</strong></span> <span class='ocrx_word' id='word_1_466' title='bbox 651 4772 675 4820; x_wconf 85' lang='lat' dir='ltr'><strong>p.</strong></span> <span class='ocrx_word' id='word_1_467' title='bbox 687 4758 744 4806; x_wconf 77' lang='grc'><strong>864.</strong></span> 
     </span>
    </p>

    <p class='ocr_par' dir='ltr' id='par_1_12' title="bbox 328 4831 1265 4903">
     <span class='ocr_line' id='line_1_41' title="bbox 328 4831 1265 4903; baseline -0.011 -13"><span class='ocrx_word' id='word_1_468' title='bbox 328 4841 362 4903; x_wconf 78' lang='grc'><strong>,(5</strong></span> <span class='ocrx_word' id='word_1_469' title='bbox 393 4841 543 4902; x_wconf 77' lang='lat' dir='ltr'><strong>Annot.2,p.</strong></span> <span class='ocrx_word' id='word_1_470' title='bbox 557 4840 693 4888; x_wconf 77' lang='lat' dir='ltr'><strong>tsr-tss.</strong></span> <span class='ocrx_word' id='word_1_471' title='bbox 823 4832 866 4900; x_wconf 82' lang='lat' dir='ltr'><strong>(o)</strong></span> <span class='ocrx_word' id='word_1_472' title='bbox 881 4831 1109 4883; x_wconf 69' lang='lat' dir='ltr'><strong>Ammoniatai.</strong></span> <span class='ocrx_word' id='word_1_473' title='bbox 1121 4837 1196 4896; x_wconf 86' lang='lat' dir='ltr'><strong>10,p.</strong></span> <span class='ocrx_word' id='word_1_474' title='bbox 1208 4835 1265 4881; x_wconf 80' lang='lat'><strong>³66.</strong></span> 
     </span>
    </p>

    <p class='ocr_par' dir='ltr' id='par_1_13' title="bbox 346 4923 359 4966">
     <span class='ocr_line' id='line_1_42' title="bbox 346 4923 359 4966; baseline 0 0"><span class='ocrx_word' id='word_1_475' title='bbox 346 4923 359 4966; x_wconf 88' lang='grc'><strong>7</strong></span> 
     </span>
    </p>
   </div>
   <div class='ocr_carea' id='block_1_7' title="bbox 332 4921 345 4985">
    <p class='ocr_par' dir='ltr' id='par_1_14' title="bbox 332 4921 345 4985">
     <span class='ocr_line' id='line_1_43' title="bbox 332 4921 345 4985; baseline 0 0"><span class='ocrx_word' id='word_1_476' title='bbox 332 4921 345 4985; x_wconf 96' lang='grc'>(</span> 
     </span>
    </p>
   </div>
   <div class='ocr_carea' id='block_1_8' title="bbox 363 4838 1402 4982">
    <p class='ocr_par' dir='ltr' id='par_1_15' title="bbox 363 4838 1402 4982">
     <span class='ocr_line' id='line_1_44' title="bbox 363 4838 1402 4982; baseline -0.007 -12"><span class='ocrx_word' id='word_1_477' title='bbox 363 4838 376 4982; x_wconf 69' lang='lat' dir='ltr'><strong>i</strong></span> <span class='ocrx_word' id='word_1_478' title='bbox 391 4917 524 4972; x_wconf 71' lang='lat' dir='ltr'><strong>emerim</strong></span> <span class='ocrx_word' id='word_1_479' title='bbox 535 4919 553 4970; x_wconf 90' lang='lat' dir='ltr'><strong>t.</strong></span> <span class='ocrx_word' id='word_1_480' title='bbox 563 4923 588 4977; x_wconf 79' lang='lat' dir='ltr'><strong>t.</strong></span> <span class='ocrx_word' id='word_1_481' title='bbox 597 4901 672 4979; x_wconf 43' lang='grc' dir='ltr'><strong>οἷα,</strong></span> <span class='ocrx_word' id='word_1_482' title='bbox 681 4917 707 4969; x_wconf 85' lang='lat' dir='ltr'><strong>in</strong></span> <span class='ocrx_word' id='word_1_483' title='bbox 716 4914 878 4974; x_wconf 63' lang='lat' dir='ltr'><strong>Tristem.</strong></span> <span class='ocrx_word' id='word_1_484' title='bbox 1006 4909 1050 4979; x_wconf 81' lang='lat'><strong>(8)</strong></span> <span class='ocrx_word' id='word_1_485' title='bbox 1067 4911 1143 4966; x_wconf 71' lang='lat' dir='ltr'><strong>[Issen</strong></span> <span class='ocrx_word' id='word_1_486' title='bbox 1152 4911 1269 4965; x_wconf 77' lang='lat' dir='ltr'><strong>Primord</strong></span> <span class='ocrx_word' id='word_1_487' title='bbox 1280 4927 1335 4980; x_wconf 74' lang='lat' dir='ltr'><strong>pag.</strong></span> <span class='ocrx_word' id='word_1_488' title='bbox 1346 4915 1402 4966; x_wconf 81' lang='lat'><strong>910.</strong></span> 
     </span>
    </p>
   </div>
   <div class='ocr_carea' id='block_1_9' title="bbox 0 0 2228 6000">
    <p class='ocr_par' dir='ltr' id='par_1_16' title="bbox 0 0 2228 6000">
     <span class='ocr_line' id='line_1_45' title="bbox 0 0 2228 6000; baseline 0 2"><span class='ocrx_word' id='word_1_489' title='bbox 0 0 2228 6000; x_wconf 95' lang='lat' dir='ltr'><strong> </strong></span> 
     </span>
    </p>
   </div>
  </div>
 </body>
</html>
