4446 6000
326 509 430 609 388
763 530 1022 597 annuens
1063 527 1464 594 uunournnsss.

323 721 394 797 tur
420 724 551 812 &trs
567 717 622 793 tit
669 713 730 788 Kl.
746 712 831 809 Jan.
843 710 908 785 fer.
926 712 962 786 ii.
983 711 1076 784 Lun.
1095 710 1117 783 i.
1172 696 1356 806 Guilengu
1388 711 1430 783 do
1455 711 1578 808 glrublr
1598 713 1695 810 rigui
1712 715 1753 788 in
1771 714 1903 791 Daim-

322 841 398 914 tiae
414 834 658 935 Ciannansor
672 836 826 910 Murclr.
843 835 876 907 Ιι.
899 835 1110 908 Maelseclrl.
1119 830 1192 928 for
1211 833 1313 927 Rigt
1335 835 1368 904 T
1363 833 1541 920 cinerech,
1572 859 1611 908 eo
1629 861 1669 908 ro
1689 838 1846 917 loiscret
1864 842 1917 921 iu¹

326 964 415 1039 recl.
434 977 455 1046 7
475 963 538 1035 viii
556 963 683 1059 mugla
699 962 820 1058 taigti
840 963 915 1047 ime,
937 973 959 1039 7
976 955 1221 1030 coromarbrut
1239 956 1331 1028 eorl.
1359 958 1449 1028 idio
1464 960 1659 1031 muinuter.
1682 963 1720 1032 T.
1741 964 1805 1034 nui
1819 989 1852 1034 v,
1866 987 1899 1037 ο.

325 1087 478 1162 Murelr.
500 1089 543 1159 do
558 1087 706 1160 uiuiuelr
726 1086 904 1158 Ciunnun.
925 1106 987 1155 een
1006 1079 1142 1165 marth,
1164 1101 1226 1150 eeu
1244 1079 1369 1150 lotrad.
1424 1079 1577 1153 Amnius
1600 1107 1648 1155 on
1667 1085 1838 1180 oitlrriglt
1857 1088 1900 1164 do

328 1211 400 1286 tub.
419 1207 510 1308 tfor
528 1210 625 1284 Com.
642 1208 758 1294 Ailbe,
775 1209 817 1279 fi·
833 1205 1064 1279 Muelmordu
1088 1229 1131 1275 ur.
1150 1227 1193 1273 m.
1219 1198 1364 1289 Clotna,
1390 1205 1425 1276 ·r'·
1443 1206 1521 1276 tecle
1537 1209 1581 1278 do
1596 1204 1818 1307 galsuirf
1840 1211 1901 1282 [αν

324 1336 489 1414 Inrlecleu
490 1332 591 1433 sein,
613 1344 636 1414 7
641 1331 716 1431 sor
733 1358 775 1405 m.
800 1331 963 1404 Cerbuill
981 1327 1033 1399 H.
1054 1326 1233 1410 Ciormuu
1258 1327 1294 1395 '‘r'·
1312 1327 1348 1396 ri
1367 1327 1470 1413 Aine,
1489 1329 1701 1401 coruinurblr
1719 1355 1795 1402 mor
1811 1333 1847 1404 ui
1864 1334 1900 1405 ir

323 1459 409 1531 und.
431 1459 469 1530 T.
485 1472 559 1530 nat.
579 1458 661 1528 imm
676 1479 723 1527 nu
741 1458 846 1528 doene
860 1454 989 1526 muitlri
1002 1476 1061 1523 uss
1079 1452 1130 1522 tri
1144 1474 1167 1520 u
1186 1448 1272 1520 rath
1292 1450 1424 1523 Aitthe
1439 1463 1460 1528 7
1478 1477 1525 1524 no
1537 1452 1571 1523 lr.
1591 1454 1683 1526 uitri.
1743 1455 1799 1528 Ro
1817 1460 1899 1531 lois·

321 1566 390 1655 ced
403 1605 435 1654 u.
455 1605 484 1654 o.
514 1604 586 1652 unu
601 1579 631 1650 b.
655 1604 726 1651 nan
745 1578 885 1651 Ailblre.
938 1573 1122 1649 Romorbl
1131 1574 1223 1646 imm.
1257 1573 1314 1643 riu
1339 1576 1425 1646 eisd
1439 1577 1504 1648 mis
1539 1578 1578 1649 in
1613 1579 1646 1651 ti
1678 1603 1719 1651 ro
1746 1582 1900 1677 gubitis

326 1705 414 1793 recl,
439 1706 476 1777 ·i·
493 1705 529 1777 in
543 1702 647 1778 Gillo
672 1703 776 1777 cuecle
795 1703 829 1774 lr.
851 1699 1031 1782 Ciurmau
1053 1707 1076 1776 7
1095 1697 1262 1769 deoeluin
1278 1694 1409 1769 eiridlee
1426 1698 1485 1769 ier
1515 1724 1539 1770 u
1569 1703 1732 1800 amniug,
1771 1718 1793 1785 7
1812 1731 1863 1778 ro.
1883 1720 1900 1780 t

325 1827 466 1901 berned
479 1853 502 1900 u
529 1852 618 1901 eenu
635 1830 676 1902 de
691 1830 829 1924 isurug.
886 1825 1001 1911 Arete,
1029 1835 1051 1903 7
1070 1824 1106 1895 in
1124 1821 1342 1916 coimdlreglr.
1396 1823 1547 1919 Oengur
1561 1825 1596 1898 l.
1615 1825 1781 1902 Gorman
1800 1831 1896 1935 Com,

327 1950 536 2045 Comglrur'll
551 1952 633 2023 doec
667 1954 704 2024 in
719 1977 742 2023 o
775 1953 895 2023 uilitri
913 1951 1066 2022 illismor
1096 1946 1291 2018 tractura.
1346 1945 1469 2019 Flurm
1489 1948 1531 2019 h.
1551 1948 1781 2025 Duillimrsi
1809 1954 1894 2029 Ar'r.

328 2072 426 2168 Lug.
447 2098 491 2145 m.
522 2072 685 2148 Cucuiril
702 2076 735 2147 lr.
756 2074 921 2148 Cerbuill
935 2097 965 2144 r.
985 2068 1257 2165 Fernrnlruigli,
1275 2068 1499 2143 Muelruuire
1512 2071 1546 2143 le.
1567 2069 1790 2145 Condublrun
1807 2076 1893 2150 Air,

327 2195 449 2269 Deire
465 2197 646 2286 lublrrur'n,
665 2196 910 2270 Dounsleible
931 2221 974 2267 m.
995 2192 1179 2266 Cutlrulan
1194 2216 1302 2265 sonus
1319 2204 1340 2270 7
1361 2192 1561 2266 sollerius
1579 2195 1638 2267 tu.
1659 2196 1732 2268 uile
1749 2221 1797 2269 m.
1814 2223 1896 2269 s.-

270 2393 273 2398 .
326 2320 484 2394 Donnck
502 2344 545 2393 m.
567 2318 674 2394 Gillo
692 2319 790 2411 Pur.¹
801 2343 832 2390 r.
852 2317 936 2394 Osr.
956 2343 979 2389 u
997 2341 1043 2389 ss.
1059 2340 1092 2388 ο.
1105 2339 1134 2389 e.
1191 2315 1340 2411 Congul.
1362 2314 1396 2386 lt.
1414 2314 1675 2414 Luitlrbertaig
1693 2341 1724 2391 r.
1742 2319 1897 2393 duratum

327 2443 459 2539 Aitigt
473 2469 505 2516 o.
520 2466 550 2515 e.
603 2441 795 2538 [Galengii
824 2452 1044 2538 expugnant
1075 2439 1228 2511 domum
1263 2438 1301 2510 in
1322 2436 1511 2534 (civitate)
1543 2439 1690 2514 Duleek
1726 2439 1893 2532 Ciauaui,

326 2581 458 2639 contra
476 2564 724 2638 Murc'hadum
745 2559 1047 2636 O'Maelseehlau
1066 2561 1206 2659 Regem
1225 2560 1414 2647 Temoriae,
1448 2573 1486 2633 et
1520 2562 1801 2638 combusserunt
1829 2567 1896 2640 do·

326 2714 428 2761 mum
446 2690 563 2775 istam,
581 2701 619 2762 et
637 2698 684 2763 80
701 2687 831 2761 domos
850 2685 1148 2773 circumvicinos,
1169 2698 1207 2758 et
1237 2683 1458 2758 occiderunt
1472 2685 1609 2758 multos
1626 2709 1647 2760 e
1664 2689 1802 2786 populo
1819 2687 1896 2785 ejus

325 2811 367 2908 (i.
384 2834 413 2884 e.
437 2809 632 2903 civitatis.)
685 2808 861 2906 Expulsit
879 2834 966 2883 vero
983 2810 1084 2906 (eos)
1104 2807 1300 2898 Murchad,
1321 2820 1541 2906 protegente
1561 2808 1743 2901 Cianano,
1764 2811 1902 2908 absque

322 2933 514 3008 occisione
528 2935 588 3007 vel
604 2931 788 3006 incendio.
840 2932 1043 3031 Aggressio
1071 2934 1178 3006 valde
1209 2933 1370 3006 insolens
1402 2930 1505 3005 facta
1538 2948 1670 3008 contra
1702 2935 1894 3010 Viearium

323 3056 442 3146 Albei,
463 3057 486 3129 i.
500 3079 529 3130 e.
552 3054 817 3129 Maelmordam
836 3055 953 3128 filium
971 3056 1036 3128 filii
1057 3054 1216 3144 Clotnei,
1238 3055 1302 3129 ie.
1323 3055 1468 3128 Domus
1484 3070 1703 3154 expugnata
1715 3059 1755 3131 in
1772 3061 1896 3135 medio

323 3179 539 3253 Imleceusis
559 3177 760 3275 (civitatis)
780 3203 865 3266 suae,
886 3190 924 3251 et
941 3189 1073 3250 contra
1089 3176 1206 3249 filium
1227 3175 1387 3250 Cervalii
1403 3175 1633 3266 O'Ciarmac,
1664 3179 1686 3252 i.
1701 3203 1730 3253 e
1753 3182 1895 3280 Regem

320 3303 441 3390 Aniae,
463 3317 501 3376 et
517 3302 632 3377 occisi
650 3316 839 3377 suntoeto
867 3301 927 3375 ibi.
982 3301 1218 3399 Expulerunt
1248 3299 1345 3395 (eos)
1376 3297 1464 3373 iude
1482 3299 1690 3398 Magnetes,
1722 3328 1787 3401 per
1813 3330 1895 3392 ora,-

323 3424 446 3496 tiones
460 3423 567 3496 Albei
583 3439 620 3496 et
634 3424 992 3498 Ecclesiasticorum.
1048 3423 1254 3496 Combusta
1277 3435 1332 3497 est
1366 3437 1489 3497 autem
1520 3425 1893 3502 CathedraAlbei.-

325 3544 483 3618 Occisus
501 3557 556 3618 est
570 3558 703 3632 autem,
719 3557 811 3616 ,ante
828 3569 989 3621 mensem
1009 3546 1204 3644 integrum,
1226 3545 1286 3619 ille
1301 3546 1366 3644 qui
1381 3548 1611 3654 expugnavit
1629 3549 1792 3641 domum,
1813 3553 1836 3626 i.
1857 3578 1890 3628 e·

317 3667 458 3743 Gildas
477 3692 597 3742 caecus
616 3666 845 3757 O‘Ciarmaa
868 3668 1151 3767 comprehensus
1168 3685 1223 3746 est
1240 3671 1271 3744 is
1303 3686 1497 3770 postquam
1516 3695 1572 3744 res
1586 3672 1788 3747 certificata
1804 3673 1891 3770 fuit,

317 3807 361 3869 et
378 3793 582 3866 decollatus
599 3803 654 3865 est
681 3804 827 3890 propter
843 3794 1058 3868 violentiam
1076 3796 1238 3870 oblatam
1255 3796 1384 3886 Albeo,
1405 3808 1444 3868 et
1460 3794 1539 3892 ejus
1556 3796 1682 3893 Asyla
1736 3797 1895 3898 Oengus

319 3918 540 3991 ‚O'Gurman
575 3913 749 3988 vicarius
782 3913 966 4012 Comgalli
997 3916 1161 3990 obiitin
1193 3902 1582 4018 suaperegrinatione
1625 3916 1665 3990 in'
1714 3919 1895 3995 Lismoria

313 4035 728 4135 (ci.vitare)sMoctei.
768 4037 884 4109 Flann
903 4036 1143 4114 O’Dubinnsi
1161 4040 1384 4142 Praepositus
1400 4041 1632 4116 Lowtheusis
1647 4041 1751 4117 obiit.
1816 4045 1916 4118 Cu·-

314 4161 423 4233 oaisil
452 4159 648 4233 O’Carroll
682 4159 764 4232 Rex
797 4149 1094 4258 Femmoyensis',
1123 4163 1331 4238 Maelmura
1361 4164 1650 4239 O'Condubhan
1670 4165 1890 4265 Praepositus

321 4280 514 4357 Dei-sensis
532 4279 731 4371 Lu'bhrani,
754 4281 1007 4356 Dounslebius
1022 4282 1119 4357 filius
1137 4284 1344 4367 Cathalaui.
1370 4286 1463 4381 (vir)
1483 4286 1732 4384 prosperitate,
1758 4300 1795 4358 et
1809 4286 1891 4383 ugi-

318 4406 424 4480 litate
441 4404 478 4476 in
496 4401 602 4476 rebus
620 4404 782 4499 agendis,
804 4404 971 4478 Ultouiae
988 4405 1059 4480 toti
1075 4409 1349 4509 (conspicuus)
1368 4411 1505 4483 mortui
1524 4424 1621 4484 sunt.
1676 4406 1892 4486 Dounchsd

318 4529 416 4602 filius
434 4526 557 4601 Gilelae
577 4525 726 4598 Patricii
745 4549 809 4598 rex
837 4526 994 4600 Ossoriae
1016 4553 1037 4602 a
1057 4528 1131 4604 suis
1148 4531 1295 4606 occisus
1312 4531 1641 4631 est-Congalach
1667 4533 1892 4635 O’Flaherty

203 4743 207 4746 ‚
311 4645 467 4728 futurus
499 4672 565 4723 rex
583 4646 740 4723 Aliehire
758 4646 904 4722 occisus
921 4648 1004 4742 est]
