4446 6000
782 573 1023 645 annaeus
1068 581 1437 649 uuronrausas.
1836 559 1893 666 ¹7

321 767 409 867 Epa.
429 765 598 855 Romane
613 756 792 849 Ecclesic,
823 758 920 831 sedit
946 783 1005 830 an.
1024 757 1099 847 xiv,
1128 757 1315 831 mensibus
1331 758 1378 848 ri,
1400 754 1529 831 diebus
1563 755 1657 829 xxii.
1707 755 1897 832 Siracusiis

302 889 534 976 defunctus,
555 884 617 959 viu
632 881 943 979 Salariaaepultus
956 893 1023 953 est.
1140 927 1142 930 ψ

319 1017 389 1093 flu.
407 1010 449 1088 D
463 1011 542 1096 rat
576 1007 680 1080 Mors
701 1004 881 1101 Comgaill
901 1006 934 1078 ic
951 1005 1202 1102 Domarrgnirt
1218 1001 1422 1101 [Comgaiti
1445 1000 1511 1074 fitii
1531 1000 1800 1101 Domangart.]
1828 1002 1896 1075 Al-

321 1136 412 1210 beus
452 1147 568 1207 ausat.

321 1264 391 1341 nn.
409 1160 500 1343 diat
517 1260 558 1335 t'i.
612 1254 757 1327 Belium
784 1263 908 1323 tortam
940 1250 998 1321 ria
1016 1248 1188 1344 laignio,
1216 1249 1402 1345 [Praelium
1428 1251 1580 1339 Tortou,
1602 1263 1748 1350 gestum
1780 1277 1801 1324 a
1826 1250 1895 1324 La-

320 1376 589 1480 geniensibus,·]
611 1375 689 1449 Ubi
706 1367 956 1447 cecidit'Muc
974 1362 1080 1458 Erae,
1102 1372 1199 1444 filius
1219 1373 1308 1445 Aill.
1326 1372 1439 1445 Mott.
1484 1373 1627 1445 Bellum
1641 1371 1785 1468 Sligidc,
1814 1373 1897 1468 [sti-

320 1497 542 1599 guutinum]
570 1496 634 1570 ubi
660 1494 798 1568 cecidit
826 1494 957 1589 nagan
973 1494 1043 1566 Bel
1074 1518 1139 1566 rex
1173 1494 1368 1582 Connacht,
1402 1494 1579 1590 Feurgus‚
1616 1510 1654 1568 et
1687 1494 1896 1582 Domlmall,

321 1625 400 1697 duo
418 1622 484 1695 filii
510 1645 564 1694 mc
593 1620 692 1694 Ecce
725 1616 884 1690 victores
909 1628 1025 1708 erant,
1057 1630 1096 1693 et
1127 1617 1294 1690 Ainorire
1324 1639 1401 1690 sirac
1425 1616 1545 1706 Setna,
1567 1631 1605 1690 et
1636 1616 1813 1692 Nimieud
1843 1641 1897 1690 mc

321 1744 572 1952 Ξΐὲἳῗίἑέ.
624 1868 660 1941 T
654 1868 784 1942 natira!
807 1863 1011 1961 ‘Moelgarb
1039 1848 1237 1961 jugulatus
1264 1873 1329 1951 est,
1348 1887 1397 1936 un
1420 1861 1671 1954 Graii-alta,
1705 1865 1742 1936 lu
1772 1862 1896 1936 traet-

319 1995 442 2069 mordo
462 1991 584 2093 [apud
603 1988 804 2065 Grealtach
821 1989 896 2061 alta
914 2010 977 2084 per
1002 1982 1298 2083 Maelmordum]
1331 1986 1394 2061 cui
1412 1985 1592 2060 successit
1608 1986 1803 2061 Diurmoit
1820 2008 1898 2059 mac

322 2115 517 2191 Cearbtmil
530 2114 613 2189 Rex
630 2109 855 2208 Hiberniae]
873 2109 932 2208 (⁶2)

319 2435 363 2508 (1)
378 2435 423 2492 De
433 2433 530 2511 Eogna
543 2433 592 2490 Bel
599 2433 675 2510 Rege
685 2432 852 2500 Connaciae,
860 2432 898 2490 V.
908 2440 967 2489 not.
977 2429 1086 2490 adano.
1095 2438 1164 2502 501,
1176 2451 1233 2509 quo
1241 2427 1539 2512 Dnocdteagnanmda,
1548 2433 1612 2491 Rex
1624 2429 1775 2490 Connaciae
1787 2434 1901 2491 occisus

320 2541 373 2588 est.
419 2528 534 2606 Eogaao
552 2531 688 2588 successit
701 2528 775 2588 tilius
794 2529 858 2605 ejus
870 2528 981 2585 Atium
998 2527 1152 2598 Iabdundn,
1170 2529 1251 2603 cujus
1264 2529 1374 2586 obitum
1396 2529 1425 2586 in
1446 2528 1543 2606 praelio
1557 2526 1750 2598 Cdconereurc,
1772 2530 1902 2588 ret'eruut

315 2625 348 2681 iv
362 2624 502 2701 Magistri
512 2627 548 2683 ad
557 2644 624 2684 auu.
635 2631 706 2694 544,
720 2632 752 2682 at
761 2624 792 2682 hi
803 2624 942 2692 Annales,
953 2623 1065 2693 melius,
1074 2625 1186 2682 adana.
1200 2629 1270 2692 549.
1293 2625 1338 2682 De
1349 2623 1490 2701 Ferguaio,
1503 2636 1532 2682 et
1543 2622 1726 2693 Domduaido,
1740 2624 1804 2682 tiliis
1817 2625 1900 2681 Mur·

320 2720 468 2779 chertechi
478 2741 525 2779 mc
540 2722 615 2780 Ecca
622 2720 681 2796 agit
689 2720 851 2785 Adamana,
859 2720 919 2776 sere
927 2736 1047 2788 coaerus,
1058 2719 1077 2776 1.
1089 2726 1116 2788 1,
1128 2723 1189 2782 c.7.
1201 2720 1276 2777 unde
1293 2732 1405 2778 constat
1418 2733 1572 2796 utrumque
1585 2720 1689 2778 Praelio
1702 2719 1903 2777 dloinmorerne

319 2815 479 2872 interfuisse
491 2819 527 2871 Α.
538 2814 576 2870 D.
586 2809 654 2870 56³.
666 2813 820 2869 Annalium
829 2812 1052 2870 Hibemicorum
1067 2833 1133 2871 cum
1141 2815 1312 2883 Adamacno,
1329 2815 1458 2891 Brognno
1463 2818 1520 2892 pio,
1527 2827 1557 2873 et
1565 2813 1902 2894 'Ccanrffuctadioeonseu

320 2928 378 2977 sus,
391 2909 502 2984 Regum
516 2904 667 2973 Cornucio,
677 2902 1153 2983 Lagenioe,Momouiae,etHit›emr'oe
1166 2909 1261 2975 totius,
1272 2926 1324 2964 nec
1337 2928 1393 2966 uon
1404 2922 1433 2967 et
1445 2912 1552 2985 Regum
1561 2911 1755 2968 Hibernorum
1766 2910 1900 2981 Albanio,

319 3014 350 3062 et
362 3001 639 3070 insularum,scriem
650 3000 744 3078 prodit
752 3019 816 3057 vere
826 3002 1029 3059 venerandam.
1051 3001 1187 3057 Vetustas
1194 2999 1314 3057 istorum
1323 3003 1431 3077 Regum
1442 3003 1580 3060 Historias
1592 3004 1747 3072 Hiberniae,
1757 3005 1903 3060 etmetriee

318 3099 424 3157 saeculo
438 3099 463 3155 vi
476 3099 606 3174 scriptas,
618 3095 689 3153 citat
703 3094 730 3151 Γ
728 3095 870 3172 igernaclr,
881 3114 1003 3172 quarum
1015 3095 1136 3153 disticha
1150 3094 1268 3153 nonulla
1282 3096 1347 3153 hinc
1360 3096 1428 3152 iude
1446 3098 1553 3172 profert
1563 3096 1711 3154 intellectu
1724 3096 1900 3157 difficillima.

316 3193 409 3254 Extat
432 3195 587 3251 etiamnum
610 3193 640 3248 io
662 3189 809 3262 Stowense,
836 3210 909 3268 opus
932 3192 1080 3249 metricum
1102 3190 1303 3260 Hibernicum,
1321 3189 1437 3261 Wnroeo,
1459 3202 1488 3249 ct
1504 3192 1616 3248 usserio
1636 3194 1750 3268 penitus
1763 3192 1904 3269 ignotum,

312 3292 396 3370 .quod
407 3289 509 3347 Gildas
518 3287 659 3346 nnnoomd
671 3307 706 3344 no
720 3286 826 3356 Dnian,
839 3289 931 3344 Poeta
941 3285 1133 3354 Hiberneusis,
1147 3285 1260 3360 scripsit
1272 3286 1306 3343 de
1320 3289 1424 3344 eodum
1438 3298 1603 3363 augumento
1618 3300 1686 3346 ante
1697 3307 1763 3344 ano.
1776 3285 1902 3357 nonan

312 3405 376 3461 «quo
399 3386 435 3442 ad
458 3383 613 3442 vetustiora
624 3391 809 3440 monumenta
826 3382 961 3460 appellat.
1001 3380 1158 3456 Broganur,
1177 3381 1290 3438 Saecuto
1307 3381 1346 3440 vi.
1358 3393 1390 3439 et
1403 3381 1606 3460 Ceanot'oulndh
1620 3382 1666 3448 sii,
1682 3383 1789 3459 pariter
1801 3383 1837 3441 ad
1852 3403 1901 3441 ve·

317 3479 438 3538 tristiora
451 3488 616 3556 provocant,
630 3496 787 3555 eorumque
801 3478 923 3537 disticha
935 3476 1135 3555 aTigeruucdo
1148 3478 1246 3545 citato,
1266 3493 1333 3533 cum
1342 3475 1495 3536 codicibus
1505 3478 1683 3536 Stoueaaibnr
1694 3480 1734 3535 ite
1743 3480 1902 3550 collimant,

313 3585 352 3632 ut
366 3576 474 3632 nuliam
490 3578 633 3652 praebeant
646 3593 744 3632 ausam
761 3575 796 3632 de
814 3593 912 3631 eorum
928 3576 1088 3633 veneranda
1102 3573 1271 3649 antiquitate
1283 3572 1568 3650 ambigendi-Vide
1589 3575 1709 3633 Codices
1734 3576 1902 3634 Hiberoicos

318 3669 468 3728 stonenres
481 3671 508 3727 N
511 3690 537 3726 0.
551 3687 574 3738 1,
588 3687 628 3738 11,
643 3687 699 3739 111,
713 3671 772 3727 dcc.
798 3671 935 3748 usquead
952 3671 990 3728 N.
1005 3669 1161 3731 xvii—De
1180 3668 1308 3743 Fergurio
1326 3683 1357 3725 et
1368 3668 1550 3737 Dominaldo,
1567 3670 1629 3727 filiis
1642 3670 1851 3728 Murchertacdi
1860 3690 1902 3729 mc

319 3765 396 3823 Brea
411 3766 496 3841 Regis
516 3764 671 3834 Hiberniae,
689 3764 755 3824 vide
777 3766 870 3843 plura,
891 3767 920 3822 in
932 3766 1006 3826 notis
1019 3765 1056 3822 ad
1067 3783 1157 3822 annos
1170 3770 1239 3832 512,
1254 3775 1284 3819 et
1297 3770 1367 3833 549,
1388 3765 1417 3821 in
1443 3764 1505 3821 bor.
1519 3765 1624 3822 Anonl.
1640 3767 1705 3832 fine,
1722 3778 1752 3823 ct
1774 3767 1847 3823 inira
1864 3768 1904 3826 ad

316 3879 387 3918 ann.
397 3856 465 3917 560.
487 3860 543 3916 Pro
556 3860 640 3916 variis
654 3860 821 3918 lectionibus
830 3860 1002 3918 diversorum
1017 3860 1167 3927 Codicum,
1182 3859 1246 3916 vide
1259 3877 1322 3935 quae
1337 3859 1491 3918 dictasunt
1503 3861 1530 3916 io
1543 3859 1665 3918 Dissert.
1681 3861 1801 3918 Prelim.

322 3957 371 4028 (2)
394 3953 501 4012 Omnes
514 3953 624 4028 antiqui
638 3954 820 4012 consentiunt
835 3953 1009 4012 Tuntdntinm
1023 3953 1173 4030 Mnelgord
1188 3973 1229 4010 mc
1243 3951 1368 4011 Cormnic
1382 3956 1460 4012 coici
1475 3975 1516 4013 nic
1534 3956 1652 4030 Cnirpre
1662 3974 1703 4011 mc
1717 3956 1804 4022 Neill,
1830 3956 1901 4013 Sex·

319 4061 382 4108 tum
396 4047 631 4123 eNiallomeguo
641 4048 785 4105 Hiberniae
795 4051 912 4126 Regem,
923 4050 1104 4108 intersectum
1119 4049 1203 4109 fuisse
1216 4069 1291 4106 anno
1305 4056 1374 4118 543,
1389 4051 1436 4126 qui
1445 4062 1486 4106 cst
1500 4067 1562 4108 aerae
1577 4050 1734 4108 communis
1749 4056 1817 4108 544.
1834 4052 1905 4113 vid.

323 4142 478 4221 Tigernnclr
498 4143 569 4200 Cod.
580 4143 661 4199 Bodl.
673 4142 722 4202 sol.
735 4151 764 4213 8,
778 4146 833 4206 col.
847 4154 874 4205 l.
916 4147 993 4203 Inter
1004 4146 1175 4205 recentiores
1189 4130 1369 4203 consentiunt
1379 4144 1503 4201 orationis
1518 4155 1592 4201 uotae
1611 4132 1771 4220 ecriptores,
1793 4146 1905 4204 Hadar-

316 4249 379 4299 tcus
398 4259 427 4316 p.
440 4246 510 4309 430,
531 4250 561 4296 et
589 4239 717 4297 Uaserinr
742 4241 1018 4316 Primord.p.1139.
1061 4242 1094 4303 Ei
1116 4241 1251 4301 successit
1273 4240 1374 4299 eodem
1394 4259 1470 4298 euno
1488 4226 1658 4297 Diormitiaa
1684 4248 1709 4297 l.
1751 4240 1904 4301 Ceumcolii

317 4336 405 4406 tiliua,
418 4336 499 4392 anuis
510 4335 572 4392 xxi.
613 4335 659 4391 Do
673 4335 729 4393 hoe
748 4335 901 4394 Dinmtitr'o
913 4345 1117 4416 pantaenum
1135 4336 1164 4391 in
1184 4333 1378 4411 orniquissimo
1393 4335 1499 4392 Codice
1514 4337 1590 4394 Vitae
1611 4337 1641 4394 S.
1657 4336 1805 4398 Cotumbae
1819 4358 1904 4413 quem

322 4429 449 4489 Ueserim
462 4430 560 4500 edidit,
575 4448 593 4487 a
606 4429 743 4506 Stephano
755 4429 782 4486 V
781 4432 821 4488 ito
835 4430 1089 4500 communicatum,
1104 4430 1243 4490 Primord.
1258 4449 1286 4507 p.
1295 4436 1365 4499 902,
1379 4440 1407 4488 et
1414 4431 1443 4488 in
1457 4431 1576 4508 antiqua
1590 4434 1649 4490 vita
1665 4432 1774 4488 Fininai
1787 4432 1904 4489 Clanar-

317 4525 418 4597 denau,
432 4518 517 4601 duam
531 4545 567 4582 ex
576 4525 708 4584 iohanne
719 4525 917 4587 Tiumuthens'i
930 4524 1208 4609 ediditCnpgroeiua,
1222 4545 1258 4583 ex
1270 4545 1328 4605 qua
1340 4545 1420 4585 suam
1432 4528 1526 4586 hausit
1539 4529 1686 4603 Cotgaous.
1716 4528 1907 4602 Idemqueest

317 4620 385 4683 Rex
408 4621 554 4680 Hibemiae
567 4622 615 4698 qui
630 4620 745 4679 Cierano
757 4621 815 4678 tilio
825 4624 952 4694 artificis,
966 4619 1053 4679 Clean
1064 4640 1122 4679 mac
1134 4623 1203 4692 nois,
1224 4633 1253 4679 et
1268 4623 1388 4681 insulam
1403 4625 1551 4699 Angitiam,
1572 4624 1639 4680 'cum
1654 4631 1768 4678 centum
1783 4621 1904 4683 cellisio

309 4715 466 4803 ³Midioen
481 4715 686 4792 arenga-maid,
699 4736 748 4774 seu
762 4701 973 4798 Magi-‚Breag
986 4720 1063 4779 douo
1089 4717 1178 4787 dedit,
1202 4717 1244 4776 uti
1259 4718 1347 4778 tradit
1369 4718 1470 4779 Codex
1491 4728 1617 4785 vetustut
1637 4714 1811 4778 amonensis
1827 4720 1903 4804 apud

318 4808 416 4873 Uener.
430 4809 569 4878 Primord.
580 4831 608 4889 p.
624 4816 694 4884 957,
707 4821 737 4870 et
757 4807 844 4880 1064,
1798 4817 1804 4830 ’
