4446 6000
310 545 422 653 oso
759 562 1018 635 onustus
1057 559 1457 629 unroursusns.

314 759 361 834 in
379 755 529 854 regione
553 741 780 838 Cianachtae‚
798 740 1012 840 Praecipuus
1040 740 1137 813 inter
1163 736 1355 837 primarios
1386 734 1487 810 Cleri
1506 732 1723 832 Momoniae,
1744 741 1898 840 quierit.

320 879 429 957 Aedh
448 869 672 950 O'Forreidh
688 868 897 968 praecipuus
912 866 1110 939 Praelector
1125 860 1408 936 Ardmachanus
1432 858 1473 933 in
1487 869 1535 941 75
1556 862 1676 937 aetatis
1699 889 1775 941 suae
1801 893 1910 945 anno

316 1005 362 1082 in
379 1024 468 1102 pace
485 995 638 1094 quievit.
661 989 725 1090 (1)
785 988 969 1086 Gormgal
983 981 1438 1085 praecipuusAnachoreta
1453 982 1590 1058 Insulae
1607 983 1897 1086 Darcargrenirc,

316 1128 452 1228 plenus
468 1122 622 1210 dierum,
643 1118 683 1191 in
700 1111 918 1214 poenitentia
934 1109 1114 1209 pausavit
1166 1106 1340 1182 Thadeus
1364 1106 1463 1180 filius
1484 1105 1621 1183 Clerici
1649 1109 1902 1187 O'Concobar

321 1246 466 1323 occisus
475 1241 524 1317 ab
540 1242 603 1338 Hy
612 1236 761 1312 Mauiis.
791 1234 886 1309 Etru
900 1233 998 1307 filius
1010 1228 1197 1305 Lobradhi
1215 1228 1294 1303 dux
1306 1231 1590 1325 Monachorum‚
1606 1237 1904 1312 sustentaculum

320 1368 494 1446 ordinum
511 1361 689 1451 Ultouiae,
724 1354 1001 1457 inpoenitentia
1030 1363 1199 1426 mortuus
1232 1364 1297 1427 est.
1342 1356 1541 1431 Exercitus
1569 1383 1655 1432 curn
1675 1358 1804 1433 Niallo
1820 1361 1900 1436 filio

325 1487 595 1570 Maelsechlaui
612 1497 745 1560 contra
759 1478 987 1566 Dalaradios‚
1007 1474 1127 1550 donec
1148 1475 1301 1549 abstulit
1318 1488 1417 1553 9000
1434 1478 1557 1570 boves,
1585 1490 1624 1555 et
1636 1481 1686 1554 60
1701 1481 1801 1556 viros
1817 1506 1904 1582 cap·

321 1618 432 1692 tivos
487 1602 870 1685 Gilda-Mariafilius
889 1599 1011 1675 Ocani
1020 1598 1142 1697 judex
1158 1598 1358 1698 Telchaeog
1371 1611 1540 1674 mortuus
1551 1614 1617 1676 est
1636 1603 1801 1679 Flaunus
1817 1604 1903 1679 Mo·

317 1732 472 1815 anterii
491 1730 700 1832 praecipuus
723 1727 930 1812 Praelector,
951 1736 988 1797 et
1005 1721 1151 1820 sapiens
1177 1722 1389 1797 Historicus
1409 1723 1599 1799 Hibemiae
1613 1724 1653 1797 in
1668 1725 1748 1800 vita
1765 1738 1903 1802 aeterua

317 1851 612 1955 requiescit-(9)
648 1851 790 1948 Fulgur
807 1847 946 1922 occidit
958 1860 1031 1919 tres
1048 1846 1086 1919 in
1094 1845 1319 1936 Disirt·tola,
1343 1859 1380 1920 et
1401 1849 1654 1923 Proelectorern
1670 1851 1767 1948 apud
1783 1852 1902 1952 [oppi-

317 1979 431 2072 dum]
442 1975 611 2063 Surdum,
629 1985 667 2047 et
678 1969 866 2067 confregit
873 1970 1021 2041 Arcem.
1047 1966 1266 2041 Exercitum
1280 1969 1397 2043 duxit
1407 1969 1559 2046 Eoclrad
1573 1972 1780 2048 O'Flathen
1792 1989 1905 2071 nocte

319 2099 548 2178 Natiuitatis
569 2119 714 2195 magnae
741 2094 781 2169 in
805 2091 997 2191 planitiem
1023 2089 1098 2181 Ith,
1128 2090 1249 2166 donec
1276 2092 1431 2166 abstulit
1445 2102 1518 2167 500
1539 2093 1659 2185 boves,
1699 2121 1817 2193 usque
1851 2099 1902 2173 ad

316 2249 470 2321 aquam,
491 2222 513 2295 i.
528 2245 558 2294 e.
577 2220 623 2294 ad
639 2240 784 2292 amnem
795 2215 969 2314 ¹planitiei
984 2213 1059 2303 Itis,
1089 2224 1128 2288 et
1145 2212 1421 2311 dereliquerunt
1436 2215 1547 2288 boves
1561 2215 1600 2289 in
1617 2239 1739 2310 amne,
1772 2231 1811 2292 et
1833 2219 1902 2294 de·

318 2347 433 2425 mersi
447 2357 538 2420 sunt
552 2355 641 2418 octo
656 2365 766 2439 supra
782 2339 823 2413 xl
832 2361 975 2426 eorum,
993 2336 1103 2409 simul
1121 2361 1209 2409 cum
1229 2337 1452 2411 Culenuano
1466 2338 1545 2412 filio
1560 2339 1756 2439 Dergaui.]
1773 2343 1835 2442 (3)

320 2473 395 2552 flu.
422 2469 491 2564 φὶ
509 2467 574 2543 tii,
627 2463 688 2537 Kl.
708 2462 793 2536 Jan.
811 2459 876 2534 fer.
892 2459 954 2534 iiii.
978 2457 1073 2532 Lun.
1090 2459 1169 2532 xxi.
1215 2460 1329 2534 Niull
1355 2460 1388 2532 lr.
1410 2460 1675 2557 lrEigneclrun
1706 2466 1744 2537 ri
1772 2466 1906 2543 ceniuil

325 2789 373 2862 (1)
396 2786 444 2845 De
457 2785 513 2844 hoc
527 2783 604 2842 Aedo
619 2782 752 2860 inquiunt
766 2781 809 2839 1v
819 2777 961 2856 Magistri
980 2781 1017 2838 ad
1038 2779 1255 2838 ann.hunc-“
1266 2779 1345 2837 Aedi
1370 2797 1406 2836 nc
1432 2779 1568 2838 Forrcidl
1591 2780 1667 2840 Aird
1677 2781 1732 2861 fer
1749 2783 1904 2862 triglitis?

321 2888 350 2919 “⁴
363 2884 408 2941 esi
422 2901 477 2959 sps.
490 2879 649 2940 Ardmncla
663 2879 743 2938 docco
755 2897 791 2937 os
803 2875 926 2936 cerramt
949 2875 1003 2933 Kl.
1014 2895 1035 2933 x
1048 2876 1083 2932 do
1103 2874 1165 2935 Jul.
1179 2874 1233 2932 isin
1246 2873 1330 2932 coice.
1352 2874 1389 2933 ll.
1403 2875 1497 2934 seaclrt
1516 2875 1627 2937 modist
1649 2898 1667 2937 a
1690 2880 1760 2938 coiri
1784 2900 1864 2942 mn.
1877 2893 1914 2942 se

327 2983 348 3015 ‘⁶
361 2978 519 3038 beornd*-

571 3076 591 3108 “
607 3071 652 3131 Ro
666 3070 758 3132 lescle
772 3071 816 3129 roi
827 3068 915 3128 neiml
926 3070 984 3128 rein
998 3089 1031 3127 ro
1043 3065 1254 3127 mloir-Aedl
1266 3086 1303 3125 rso
1312 3064 1447 3126 Porreidlr
1461 3087 1498 3128 an
1512 3071 1584 3130 tsnoi
1595 3090 1652 3143 serr,

566 3174 586 3202 “
599 3168 644 3225 Hi
654 3169 702 3226 xiv
711 3168 743 3225 K
746 3169 765 3227 l.
775 3166 953 3228 Just-tuidi
967 3185 1003 3224 arr
1017 3174 1126 3243 teprcop
1139 3165 1231 3222 cicitur
1241 3183 1276 3221 or
1288 3164 1386 3223 ceall.”

319 3264 356 3342 [“
372 3264 612 3325 AedO'Forreith
624 3262 910 3331 Archischolasticus,
922 3271 952 3320 et
968 3263 1078 3339 sapiens
1098 3260 1256 3338 Episcopus
1272 3260 1501 3337 Ardmachsnm,
1514 3264 1588 3323 obiit
1596 3263 1645 3323 xiv
1655 3263 1721 3324 Kal.
1737 3265 1818 3339 Julii,
1829 3282 1906 3327 anuo

324 3366 349 3430 *ἦ
357 3365 376 3424 7
379 3367 396 3418 5
411 3362 502 3418 aetatis
515 3378 584 3428 snae,
598 3369 632 3417 ut
644 3368 765 3417 testatur
777 3368 856 3416 votus
871 3357 1054 3419 distichon-

487 3459 507 3489 ‘⁸
523 3455 616 3513 Valde
627 3453 745 3512 celebris
757 3454 839 3511 rslde
852 3454 974 3511 Sanctus
987 3455 1124 3530 quamdiu
1135 3452 1310 3512 vixit—Aed
1324 3454 1476 3514 O’Forreid
1491 3452 1603 3533 sapiens
1614 3454 1716 3527 senior,

486 3552 507 3582 ‘⁴
522 3549 645 3606 Decimo
658 3556 761 3625 quarto
772 3548 820 3607 Kl.
829 3548 897 3606 Julii
909 3547 1038 3624 migravit
1049 3549 1206 3626 Episcopus
1222 3549 1295 3608 mitis
1309 3549 1346 3608 ad
1354 3549 1504 3626 Caelum.”]

328 3642 397 3705 Non
408 3651 452 3703 est
463 3643 680 3704 confundendus
692 3643 740 3701 hic
753 3643 832 3701 Aedi
843 3661 911 3702 cum
925 3643 1022 3701 Aedlo
1036 3645 1157 3702 borbono
1170 3645 1207 3702 de
1217 3665 1275 3722 quo
1288 3645 1353 3705 vide
1365 3655 1424 3706 uot.
1432 3646 1469 3705 ad
1480 3664 1545 3704 ann.
1558 3651 1644 3705 1054.

329 3745 379 3816 (2)
398 3742 444 3801 lV
455 3740 596 3819 Magistri
608 3740 644 3799 nd
659 3740 779 3799 eusdem
790 3758 899 3798 annum
910 3740 1042 3817 inquiunt
1054 3745 1074 3774 ‘⁶
1089 3740 1179 3798 ΗΜ
1192 3740 1400 3800 Muieisdreoels
1415 3739 1634 3820 sear-leigliooa
1648 3745 1666 3807 7
1681 3739 1709 3798 ti
1723 3736 1837 3815 sacer,
1850 3740 1911 3808 ris·

319 3841 345 3872 ⁴‘
356 3837 525 3911 Fe'lideaelt,
538 3841 557 3900 7
567 3837 596 3894 ire
608 3835 762 3908 Airclctol,
773 3835 879 3895 doecre
893 3837 1015 3896 serrant
1023 3837 1075 3896 Kl.
1090 3836 1125 3894 do
1136 3837 1262 3897 Decemd.
1273 3839 1358 3896 emnil
1367 3858 1398 3896 as
1410 3839 1517 3910 lemr,

573 3936 593 3966 “
608 3931 699 3989 Elasrd
716 3950 734 3989 a
742 3931 902 4007 primiclill
916 3932 994 3991 Buitr'
1007 3932 1191 3991 bird-Ried
1203 3934 1277 3991 ruisc
1290 3933 1477 3992 uminclindas
1488 3933 1568 4005 moll,

567 4032 587 4062 ‘⁴
602 4026 728 4085 Midlsur'
742 4027 828 4098 ridle,
841 4027 949 4087 ruiddee
959 4028 1151 4105 liud—Tingi
1164 4028 1216 4086 Sui
1225 4029 1280 4087 tire
1293 4030 1334 4087 tri
1338 4029 1407 4106 find
1418 4027 1537 4087 Hand?

323 4125 357 4200 [“
372 4123 494 4183 Flaunus
509 4125 678 4184 Moussterii
700 4124 861 4198 (Emensis)
879 4124 1032 4183 Praelector
1049 4123 1225 4201 Theologiae,
1238 4137 1269 4183 et
1282 4125 1427 4196 Historiae,
1441 4135 1472 4184 et
1486 4124 1565 4183 Artis
1578 4124 1712 4194 Poeticae,
1738 4134 1767 4184 et
1788 4127 1906 4202 exposi-

321 4223 347 4254 ⁴⁸
362 4218 445 4277 tionis
462 4220 679 4297 Prophetarum,
691 4221 762 4279 obiit
774 4221 816 4279 lV
829 4220 896 4279 Kal.
911 4221 1089 4291 Decembris,
1100 4222 1142 4278 uti
1154 4231 1275 4279 testatur
1285 4223 1391 4280 Poema
1400 4218 1537 4278 vetus-’'

567 4320 587 4348 “
604 4317 671 4372 Flsn
684 4316 843 4394 praecipuus
858 4318 1030 4394 Praepositus
1044 4317 1176 4376 Butensis
1192 4315 1499 4390 (nlonoereriipdulcis,

564 4414 585 4443 “
598 4411 718 4467 Musicre
726 4414 833 4488 peritus
845 4427 903 4472 taur
918 4414 1016 4472 celeris
1027 4432 1111 4490 quam
1127 4414 1228 4483 tardas,

564 4509 583 4538 ‘⁶
597 4506 751 4582 Perspicax
764 4509 883 4566 scicntia
895 4508 1056 4584 spirituum,
1067 4509 1276 4566 demonstrator
1288 4516 1462 4584 temporum,

562 4606 582 4636 ‘⁴
598 4601 731 4678 Optimus
740 4601 849 4678 sapiens
864 4603 995 4678 Regionis
1008 4605 1093 4660 trium
1107 4605 1231 4678 gentium
1244 4602 1298 4659 luit
1309 4601 1422 4677 Flau.”]

321 4702 375 4771 ’(0)
395 4701 557 4760 Florentius
571 4700 607 4757 ud
619 4717 686 4756 suu.
702 4697 779 4755 hunc
793 4697 946 4772 inquit-‘⁴
965 4695 1125 4767 Marianus,
1138 4700 1302 4775 peregrinus
1322 4699 1413 4755 lactus
1427 4718 1479 4775 pro
1502 4699 1605 4757 caelesti
1618 4695 1721 4774 patris,
1733 4695 1809 4752 venit
1822 4694 1910 4753 Colo-

323 4798 352 4827 ·“
370 4796 457 4864 niem,
472 4797 566 4871 ibique
581 4795 609 4851 in
627 4793 801 4852 Monosterio
816 4793 966 4851 Scotorum
981 4793 1010 4850 S.
1024 4793 1172 4850 Martiniv
1188 4795 1258 4851 seria
1271 4794 1334 4854 Cal.
1346 4796 1420 4871 Aug.
1436 4794 1599 4852 Monachus
1610 4795 1701 4851 lectus
1721 4786 1792 4850 est*
1833 4791 1911 4852 vioe

320 4906 392 4966 -quae
405 4891 440 4948 de
450 4889 633 4949 Mooasterio
648 4889 839 4949 Hiberuorunr
856 4889 982 4950 Coloniae
996 4889 1074 4946 dicta
1088 4890 1202 4947 suntad
1212 4908 1280 4947 eno.
1296 4892 1384 4960 1027,
1400 4895 1489 4960 1042,
1499 4898 1529 4946 et
1542 4894 1629 4951 1052.
