4446 6000
749 565 1013 635 susumus
1053 564 1450 631 umoumusss.
1756 544 1855 639 321

285 746 408 822 Broen
428 747 461 819 12.
483 745 658 843 Cleirigb,
680 758 702 825 7
722 744 956 818 Muredkach
973 768 1017 815 m.
1037 768 1082 815 m.
1108 740 1287 840 Gillapat,
1310 752 1333 822 7
1351 743 1412 815 alii
1433 741 1551 814 multi.
1608 742 1668 816 M.
1690 770 1768 820 mac
1787 747 1861 820 Bo·

282 885 351 945 τῖε,
373 871 556 945 cinaedm
595 869 766 944 domurbk
797 872 834 941 la
861 869 1101 943 Maelcoluim
1134 893 1167 940 m
1196 866 1365 941 Cinaeda.
1420 866 1570 963 Oeugus
1599 867 1632 939 h.
1649 868 1863 944 Cathuil'r!

285 993 528 1088 Eogunachta
544 993 646 1066 locha
664 993 765 1066 Lein.
808 990 1075 1088 SgrinPetair
1091 1001 1113 1069 7
1132 991 1221 1067 Poil
1237 993 1272 1065 ic
1287 991 1466 1088 tepersaiu
1473 985 1637 1088 sulasor
1651 992 1767 1064 altrir
1784 991 1865 1065 Pa«

284 1117 381 1190 traic
406 1119 445 1190 in
468 1117 677 1190 Ardmacha
703 1140 778 1189 cor.
799 1140 831 1186 0.
853 1113 901 1186 ib.
919 1112 1099 1186 videntib.
1153 1113 1235 1186 Aea
1262 1137 1341 1187 mac
1373 1114 1613 1211 Laitbertaig
1630 1114 1663 1186 Ιι.
1684 1115 1794 1188 Nem
1826 1116 1863 1189 ri

283 1240 401 1336 Ailig,
419 1239 636 1321 7Ridomua
647 1239 716 1312 Er.
738 1251 822 1334 post
837 1214 1077 1334 penitentium
1096 1263 1143 1310 m.
1164 1261 1194 1312 e.
1223 1239 1346 1312 uidlsce
1371 1235 1488 1333 fkeile
1516 1239 1694 1311 Annrias.
1753 1239 1863 1332 [Vic-
1899 1239 1905 1258 '

283 1364 378 1437 toria
392 1375 537 1461 partaa
562 1359 773 1434 Murchado
803 1358 1107 1433 O'Maelsechlan
1140 1361 1187 1433 de
1220 1359 1444 1435 Concobaro
1475 1359 1792 1449 O'Maelsechlan,
1820 1360 1861 1433 in

282 1510 356 1582 qua
369 1486 513 1559 occisus
531 1499 585 1558 est
614 1483 895 1581 Maelruuagius
915 1482 1109 1581 O'Carrag
1141 1497 1321 1571 strenuus,
1353 1496 1392 1556 et
1428 1483 1571 1557 Lorcan
1591 1484 1861 1558 O'Candelbau

284 1607 367 1680 Rex
386 1607 584 1705 Loegariae‚
601 1619 637 1680 et
655 1605 717 1678 alii
737 1605 854 1677 multi.
910 1606 1021 1679 Coun
1047 1607 1145 1680 filius
1161 1605 1419 1703 Maelpatricii,
1437 1605 1658 1703 Praepositus
1678 1606 1860 1704 Mungar·

282 1731 405 1817 tensis,
423 1730 573 1827 quievit.
631 1729 829 1803 Concobar
861 1729 1113 1826 O'Muredaig
1137 1731 1218 1803 Rex
1251 1729 1431 1805 Ciaradiae
1449 1732 1606 1804 occisus.
1662 1731 1862 1805 Nundinae·

283 1853 547 1926 Cauuaneuses
563 1853 689 1947 (hodie
700 1851 897 1944 Wexford)
915 1851 1049 1924 habitae
1061 1878 1082 1924 a
1096 1853 1334 1925 Donucbado
1353 1853 1429 1926 filio
1443 1854 1567 1926 Gildae
1576 1853 1738 1942 patricii,
1759 1869 1859 1951 post·

285 2002 394 2072 quam
420 1976 579 2074 suscepit
606 2001 761 2072 regnum
784 1975 964 2071 Lageniae.
1018 1975 1197 2072 Amergiu
1218 1976 1393 2050 O'Caroll
1416 1977 1496 2049 Rex
1514 1977 1615 2065 Eliae,
1645 1992 1682 2050 et
1701 1977 1859 2052 Cuium·

280 2099 343 2172 hin
362 2101 456 2174 filius
473 2101 646 2174 Roderici
666 2098 912 2173 O'Cenfadha
930 2098 1065 2171 mortui
1083 2098 1180 2171 suut.
1236 2098 1407 2172 Praelium
1434 2098 1531 2173 inter
1547 2099 1709 2174 Elienses
1728 2102 1859 2198 inquo

280 2223 424 2297 occisus
444 2237 500 2296 est
517 2223 636 2294 Broen
657 2221 830 2318 O'Clery,
869 2234 906 2293 et
930 2220 1165 2294 Muredhach
1195 2222 1293 2295 filius
1312 2222 1378 2293 filii
1396 2220 1520 2294 Gildae
1549 2223 1712 2314 Patricii,
1743 2224 1859 2298 etalii

279 2346 400 2418 multi„
455 2345 510 2416 M.
530 2345 627 2418 filius
644 2342 764 2415 Boetii
782 2343 848 2415 filii
869 2341 1057 2415 Kenuethi
1077 2343 1221 2415 occisus
1239 2368 1261 2414 a
1279 2344 1534 2417 Malcolumbs
1554 2346 1631 2418 filio
1652 2348 1853 2422 Kenuethi.

278 2470 433 2565 Oengus
454 2465 639 2539 O'Cathal
658 2466 738 2538 Rex
758 2461 1010 2560 Eogauachtae
1028 2463 1187 2560 regionis
1203 2467 1305 2538 lacus
1329 2465 1452 2538 Leniae
1468 2465 1614 2562 (obiit.)
1669 2467 1856 2542 Scrinium

281 2591 378 2664 Petri
422 2604 460 2664 et
483 2590 588 2664 Pauli
612 2587 777 2662 manavit
805 2587 986 2684 sanguine
1000 2612 1108 2686 super
1122 2589 1249 2663 Altare
1264 2589 1414 2664 Patricii
1433 2590 1471 2663 in
1488 2591 1709 2683 Ardmacha,
1731 2618 1857 2669 coram

280 2711 690 2789 omnibusvidentibus.
745 2710 826 2783 Aed
845 2711 942 2783 filius
958 2708 1166 2809 Flahertagi
1184 2712 1347 2802 O'Neill,
1370 2738 1434 2788 rex
1453 2714 1619 2804 Alichiu
1654 2730 1694 2790 et
1709 2714 1859 2818 futurus

280 2864 347 2912 rex
367 2837 564 2926 Hibemiae‚
582 2846 666 2932 post
683 2832 938 2931 poenitentiam
958 2848 1125 2907 mortuus
1140 2851 1196 2908 est
1213 2851 1325 2910 nocte
1343 2836 1425 2911 festi
1443 2838 1474 2912 S.
1486 2839 1674 2932 Andrus]
1705 2848 1709 2854 '

281 2963 348 3037 stu.
376 2967 495 3054 &m
519 2960 570 3035 iu.
625 2957 684 3030 Kl.
704 2957 787 3031 Jan.
806 2955 871 3030 fer.
889 2955 938 3027 iii.
958 2954 1053 3028 Luu.
1074 2957 1135 3030 vii.
1166 2957 1400 3034 Muelcolaim
1420 2985 1464 3033 m.
1485 2958 1646 3035 cinaeda
1665 2965 1700 3036 ri
1717 2965 1858 3039 Albai„

280 3083 383 3158 obus
438 3082 599 3156 Amlaim
626 3105 705 3154 mac
731 3079 868 3154 &triac
896 3079 1065 3152 doutarbk
1084 3082 1125 3154 do
1141 3078 1349 3157 Sauunuibls
1376 3107 1416 3156 oc
1440 3085 1504 3157 dul
1520 3085 1563 3157 do
1579 3083 1696 3158 Roim.
1751 3085 1859 3171 Gula

278 3207 377 3281 Secu.
397 3232 439 3278 m.
461 3203 566 3279 Gula
584 3204 792 3277 ΜοεΙιοηηα
805 3228 838 3276 0.
856 3227 886 3276 e.
916 3204 1054 3278 Dubda
1065 3205 1178 3302 ingen
1195 3206 1248 3279 Ri
1263 3206 1451 3283 Connacht
1466 3235 1545 3284 ass.
1566 3235 1599 3283 ο.
1613 3233 1642 3284 e.
1681 3209 1853 3286 Donnes

277 3355 321 3401 m.
349 3328 485 3401 Briau
522 3329 563 3400 do
596 3326 746 3400 imeredh
779 3326 932 3402 Oura-ide
965 3330 1008 3403 do
1043 3332 1122 3402 [εἰν.
1152 3330 1290 3404 Cutha!
1315 3334 1467 3408 mairtir
1495 3334 1578 3408 Aer.
1616 3332 1801 3425 Corcuids
1830 3346 1856 3417 7

258 3425 380 3528 ‘Coun
396 3479 428 3526 m
448 3454 630 3552 Maelpat„
650 3453 734 3524 Air.
753 3449 976 3546 Mungairti
996 3451 1019 3523 i.
1038 3449 1126 3548 Xpo
1144 3451 1383 3528 dormierunt.
1437 3454 1535 3555 Slog.
1560 3457 1619 3531 Ul.
1639 3459 1802 3534 iMidhe
1815 3484 1855 3535 co

279 3577 357 3650 tech
387 3601 430 3648 m.
456 3575 602 3649 Meum
648 3571 756 3648 Gula
789 3572 961 3648 Fualart.
993 3576 1029 3646 ri
1051 3599 1098 3648 ua
1128 3601 1153 3649 n
1184 3576 1303 3652 Dosse
1326 3579 1432 3678 Breg
1464 3606 1496 3654 0.
1515 3605 1545 3655 e.
1600 3581 1694 3655 Mac
1719 3582 1852 3658 Nialu

278 3694 504 3792 Uchtcmser
520 3695 704 3790 Leiglu'nn
721 3695 915 3769 Canama
930 3698 972 3770 do
991 3696 1078 3769 bath
1091 3721 1135 3770 ac
1153 3698 1332 3773 tiaclztain
1348 3725 1372 3772 a
1384 3702 1417 3774 h.
1429 3703 1608 3791 Albain‚7
1623 3727 1669 3775 cu
1685 3703 1854 3777 lebaredls

279 3820 355 3894 Cot.
376 3844 404 3891 c.
422 3829 452 3941 7Ι
464 3822 518 3890 tri
536 3821 657 3890 minna
675 3821 717 3890 do
727 3817 908 3893 mht’nnuib
925 3816 1014 3889 Pat.
1029 3827 1053 3896 7
1072 3819 1192 3890 tricha
1200 3817 1268 3916 ser
1286 3821 1394 3918 impu,
1423 3820 1581 3895 Suibune
1596 3849 1676 3899 mac
1693 3824 1852 3900 Cinaeda

276 3943 312 4015 ri
328 3939 597 4016 Gall-Guidhel
611 3964 656 4012 m.
671 3963 701 4013 e.
755 3938 1027 4035 [Malcolumba
1053 3940 1151 4013 filius
1173 3940 1365 4015 Keunethi
1394 3967 1458 4016 rex
1475 3944 1645 4022 Albaniae
1662 3947 1768 4020 obiit.
1787 3948 1848 4045 (1)

268 4265 323 4335 ·(l)
342 4262 418 4320 u'ide
428 4281 493 4339 quae
507 4263 542 4318 de
554 4261 663 4335 Regum
679 4258 810 4315 Albaniae
823 4257 1050 4318 successionibus
1060 4259 1139 4318 dicta
1151 4270 1218 4319 sunt
1228 4261 1259 4319 in
1273 4261 1346 4320 uotis
1355 4261 1392 4320 ad
1404 4281 1470 4323 sun.
1480 4269 1551 4334 994,
1564 4275 1594 4324 et
1607 4270 1680 4335 970.
1714 4264 1849 4328 Constan-

275 4360 335 4416 tino
344 4378 403 4416 mac
418 4357 515 4415 Cuilcu
526 4355 674 4422 successit,
688 4372 763 4411 auno
774 4371 837 4411 aerae
849 4353 1009 4411 communis
1023 4359 1094 4424 997,
1117 4354 1186 4413 Mac
1195 4355 1303 4427 Dss'bh,
1317 4377 1366 4416 seu
1385 4357 1463 4431 Duffi
1481 4359 1565 4431 filius,
1586 4363 1634 4438 qui
1657 4366 1773 4440 proprio
1799 4383 1850 4422 no·

276 4457 354 4512 mine
367 4452 527 4511 Kmnetlms
540 4450 700 4527 appellatur
720 4470 739 4507 s
752 4448 856 4507 Flam
870 4449 898 4505 in
915 4450 1050 4508 Poemste
1062 4451 1256 4528 Synshronor.
1269 4472 1288 4511 s
1309 4452 1449 4512 Gratiano
1463 4455 1549 4514 Lucio
1569 4458 1599 4514 in
1621 4459 1737 4518 Cambr.
1751 4459 1847 4517 Evers.

276 4571 305 4624 p.
316 4556 366 4615 94,
385 4561 415 4604 et
428 4566 446 4605 s
459 4546 603 4604 flammo
619 4566 646 4622 p.
658 4543 840 4603 488.-Mac
851 4542 939 4619 Duffo
952 4543 1020 4603 huic
1033 4546 1169 4604 successit
1180 4546 1344 4608 Male-ulmus
1357 4551 1498 4610 Kenneshi
1512 4553 1597 4621 filius,
1623 4572 1698 4612 anuo
1716 4559 1801 4624 1004,
1815 4566 1849 4614 ut

276 4655 355 4703 recte
379 4652 459 4700 notat
478 4643 584 4700 Poenus
606 4641 776 4716 predictum
790 4642 865 4716 apud
878 4640 1001 4700 Flahert.
1014 4639 1084 4699 ibid.
1093 4654 1123 4701 et
1133 4653 1234 4701 auctor
1245 4655 1324 4703 vetus
1334 4647 1363 4703 in
1377 4647 1540 4707 Cambrens.
1559 4649 1653 4706 Evers.
1664 4668 1692 4725 p.
1705 4655 1792 4718 94.-
1798 4648 1848 4708 Τι’·

272 4737 428 4815 geruuclms
439 4738 475 4795 sd
490 4757 557 4796 ann.
572 4743 658 4804 1034,
672 4738 765 4814 inquit
790 4743 809 4769 ⁴⁶
820 4735 996 4794 Muelcolaim
1015 4756 1051 4794 m.
1066 4734 1181 4797 cineta
1200 4759 1227 4800 t.
1239 4741 1352 4819 Alpuiu,
1373 4742 1431 4801 Tur
1444 4743 1541 4801 ordain
1554 4743 1657 4807 {attuit
1670 4742 1763 4820 Eupo
1781 4744 1844 4823 vulg,

1039 4829 1082 4879 Tt
