4446 6000
679 579 1119 649 nunornmonns
1151 579 1224 641 nn
1253 579 1372 645 sno.
1392 577 1526 642 vrtr.
1794 551 1888 655 191

314 760 484 837 captivasin
500 760 677 819 Britanniam
698 763 808 830 missus,
823 761 905 817 rediit
920 757 1111 816 Gemeticum.
1166 754 1219 822 Ibi,
1230 754 1322 811 officio
1337 752 1482 810 cellerarii
1501 751 1644 830 paulisper
1657 752 1766 823 Iuncto,
1792 755 1890 814 locum

316 867 509 922 construendo
522 865 698 924 Monasterio
712 866 788 941 apud
804 863 923 932 Caletos,
939 864 1046 938 intigro
1058 859 1302 933 Rotomngensi,a
1314 856 1480 913 Theoderico
1493 855 1572 931 Rege
1579 843 1712 923 obtinuit,
1722 865 1751 913 et
1760 850 1894 914 Scholant

316 966 450 1034 instituit,
464 967 494 1024 in
508 987 565 1043 qua
579 967 756 1046 Leutfredvn
770 979 870 1045 postea
884 971 980 1025 Abbas
996 964 1213 1030 Madriacensis,
1230 967 1248 994 ‘⁴
1263 964 1299 1019 nd
1311 961 1458 1018 Sidonium
1469 960 1608 1018 accedens
1624 959 1780 1028 Abbatem,
1789 961 1849 1037 qui,
1864 976 1897 1018 es

316 1072 339 1100 “
354 1069 490 1126 Hibernia
503 1078 592 1139 ortvs,
608 1071 705 1128 locum
720 1071 806 1129 istum
820 1073 939 1128 mirifice
953 1069 1115 1137 illustravit,
1133 1066 1309 1124 Monasticas
1322 1067 1360 1122 ab
1372 1085 1409 1122 eo
1421 1075 1509 1121 vestes
1529 1062 1651 1140 accepit,
1665 1073 1694 1119 et
1710 1063 1741 1121 in
1761 1064 1896 1140 negaturi

318 1176 339 1203 ‘⁶
354 1172 512 1247 disciplina,
537 1175 585 1229 sab
599 1173 793 1249 eaMagtetrn,
814 1172 1081 1248 multum-profecit,
1104 1172 1205 1238 donec,
1228 1168 1347 1225 consilio
1370 1166 1502 1222 Amberti
1516 1166 1729 1241 Rotomagensis
1750 1167 1896 1245 Episcopi,

316 1278 338 1305 “
355 1274 403 1349 qui
414 1275 450 1330 ad
464 1276 535 1332 illud
548 1276 756 1335 Monasterium
768 1277 803 1333 de
815 1280 897 1333 rebus
909 1275 1018 1332 Divinis
1030 1273 1111 1348 [cum
1123 1270 1252 1347 Sidonio]
1262 1271 1460 1327 collocuturus
1470 1268 1638 1336 accedebat,
1658 1268 1686 1324 in
1698 1269 1793 1325 natale
1802 1270 1896 1328 solunt

318 1379 338 1407 “
352 1375 481 1450 pluribus
495 1376 660 1450 profuturus
672 1398 796 1436 reversus
808 1381 893 1438 ,est..''
906 1384 949 1451 (l)
989 1378 1071 1436 Obiit
1084 1378 1215 1435 Sidonius
1230 1382 1265 1432 18
1277 1375 1344 1431 Kal.
1356 1373 1463 1430 Octob.
1477 1391 1584 1428 annum
1599 1372 1712 1430 circiter
1721 1368 1758 1435 67
1762 1381 1789 1430 4.
1826 1372 1896 1446 Ejus

319 1477 527 1537 ItIonssterium
542 1492 668 1538 erectum
679 1493 721 1540 est
735 1484 891 1553 inCellant‚
906 1484 1078 1540 Fontanellae
1094 1483 1179 1539 modo
1193 1483 1363 1556 subjectam,
1375 1479 1424 1534 sed
1433 1478 1523 1535 Vicus
1537 1477 1607 1553 ipse,
1622 1477 1819 1554 benificiorum
1833 1495 1895 1536 nte·

316 1600 390 1649 mor,
406 1601 510 1640 nomeu
523 1583 639 1641 Patroni
652 1586 747 1647 adhuc
774 1586 888 1644 Gallico
902 1586 1036 1643 idiomate
1045 1589 1156 1653 retinet,
1170 1597 1199 1642 et
1212 1586 1270 1641 dies
1283 1584 1386 1641 natalis
1400 1583 1506 1640 dicitur
1520 1583 1545 1638 le
1551 1583 1620 1656 jour
1630 1582 1666 1638 de
1678 1581 1707 1639 S.
1722 1581 1818 1641 Scene.

357 1686 475 1742 Coaevus
488 1686 709 1756 fuitDisibodns,
723 1689 831 1764 pariter
845 1690 998 1756 Hibernas,
1012 1691 1061 1765 qui
1077 1710 1109 1745 er
1119 1689 1255 1746 Hibernis
1273 1689 1301 1744 in
1315 1686 1502 1755 Germaniam,
1521 1705 1580 1742 cum
1595 1685 1679 1742 sociis
1692 1687 1831 1757 meedene,
1846 1687 1894 1760 (2)

318 1789 481 1846 transmisso
494 1789 610 1847 Glanno
622 1791 717 1858 fluvio,
731 1790 916 1858 Oratoria,et
930 1794 1050 1865 tuguria,
1063 1811 1115 1867 pro
1128 1791 1420 1867 Discipulisnndique
1433 1790 1651 1857 confluentibus,
1660 1791 1689 1847 in
1704 1801 1801 1847 monta
1811 1809 1899 1867 prope

314 1891 539 1967 Mogontiacum
553 1894 692 1961 condidit,
702 1894 762 1961 ubi,
774 1904 838 1968 post
853 1895 958 1951 multos
968 1896 1091 1962 labores,
1104 1896 1176 1951 obiit
1189 1901 1206 1951 8
1219 1895 1332 1952 Id..lul.
1345 1911 1420 1950 anno
1431 1894 1523 1950 aetatis
1537 1898 1586 1959 81,
1598 1892 1702 1949 Christi
1716 1889 1787 1955 674.
1819 1894 1898 1950 Con·

316 1992 436 2050 ferenda
449 2005 515 2051 sunt
536 2013 600 2069 quae
620 1994 656 2051 de
676 1995 731 2052 hoc
754 1997 907 2053 venorabili
929 1997 989 2053 viro
1012 1998 1141 2056 scribunt
1161 1997 1309 2054 Marianus
1328 1997 1359 2052 in
1372 1995 1526 2063 Chronico,
1555 2005 1609 2052 aut
1622 1994 1696 2052 sorte
1710 1994 1896 2064 Dodcclritraa,

318 2096 486 2156 Monasterii
511 2098 540 2155 S.
550 2098 680 2156 Disibodi
703 2101 811 2168 abbas,
830 2101 878 2174 qui
904 2078 1028 2158 Mariani
1048 2101 1212 2159 Chronicon
1233 2099 1419 2158 continuavit.
1468 2101 1544 2157 Acta
1563 2098 1704 2167 Disibodi,
1730 2118 1769 2156 ex
1787 2098 1897 2156 Codice

318 2212 432 2258 vetusto
445 2203 598 2277 descripta,
615 2202 762 2277 ampliavit
775 2203 947 2261 saeculoxlt
973 2204 1002 2262 S.
1016 2205 1257 2279 Hildegardis,-ex
1278 2206 1360 2279 cujus
1379 2204 1518 2278 opusculo
1536 2204 1632 2262 omnio
1645 2204 1720 2261 scitu
1739 2202 1824 2279 digna
1845 2221 1897 2260 ex·

315 2308 422 2382 carpsit
436 2302 811 2367 mabillonius—‘Itatmus
837 2308 865 2364 in
895 2308 1102 2382 Martyrologio
1125 2308 1227 2382 inquit,
1250 2306 1358 2362 Naum
1381 2306 1412 2362 S.
1424 2305 1565 2362 Dieibotlti
1583 2304 1765 2382 Corffcsvoris,
1791 2305 1834 2362 VI
1849 2304 1896 2364 Id.

317 2409 397 2484 Sept.
413 2410 440 2465 in
459 2409 619 2466 suburbanis
628 2407 866 2484 Mogontiocmsie
880 2409 1016 2466 Ecclesiae
1029 2410 1180 2467 celebrari,
1243 2409 1391 2466 Marianus
1415 2409 1508 2484 inquit
1538 2414 1557 2440 “
1570 2407 1739 2482 Epiematn
1760 2407 1897 2473 abdicata
1951 2407 1953 2411 ’

316 2534 350 2572 er
364 2515 501 2571 Hibernia
520 2532 667 2589 egressum,
686 2512 797 2570 Gallias
817 2513 1100 2589 venisse.”-ltaque
1113 2532 1198 2589 quem
1213 2514 1347 2571 Rabanus
1360 2509 1557 2587 Carissimum,
1572 2512 1720 2570 Marianus
1734 2510 1896 2585 Episcopum

314 2619 452 2695 appellat,
467 2618 544 2675 unde
557 2619 629 2673 duos
644 2616 796 2673 Disibodos
809 2618 937 2682 extitisse
950 2616 1102 2685 videretur,
1115 2617 1166 2674 nisi
1178 2617 1294 2674 aliunde
1308 2629 1462 2685 constaret,
1473 2616 1606 2693 Episcopi
1618 2617 1746 2686 titulum,
1764 2617 1893 2692 pluribus

318 2721 464 2788 Hibernis,
480 2722 508 2776 in
525 2731 640 2778 exteras
658 2729 758 2795 gentes
783 2720 977 2794 migrantibus,
991 2720 1137 2777 >tributum
1161 2720 1254 2789 luisse,
1278 2722 1316 2776 ob
1338 2720 1568 2797 praedicationem
1583 2721 1737 2796 Evangelii,
1750 2722 1900 2796 quaeinter

313 2825 476 2883 functiones
488 2825 671 2900 Episcopales
684 2824 855 2900 plerumque
868 2826 905 2881 ab
918 2825 1042 2899 antiquis
1057 2825 1229 2882 celebratur.
1270 2823 1320 2880 Sic
1333 2823 1363 2882 S.
1376 2823 1495 2881 Farreas
1509 2823 1722 2892 Latiniacensis,
1737 2825 1895 2900 Gregorius

317 2927 518 3001 Trajectensis,
534 2927 686 2986 Richarius
700 2927 1001 2994 Abbastentulensis‚
1015 2928 1098 3000 cujus
1110 2926 1196 2983 vitam
1211 2927 1323 3002 scripsit
1333 2925 1477 2993 Alcuinve,
1491 2937 1520 2983 et
1533 2927 1638 2983 Carolo
1652 2929 1760 3003 Magno
1782 2929 1897 2998 dicavit,

316 3032 422 3108 aliique
435 3032 560 3108 plurimi,
575 3030 945 3107 prasertimpraedicatores
959 3030 1092 3098 Hiberni,
1102 3030 1235 3107 Episcopi
1250 3029 1441 3106 appellantur,
1455 3030 1503 3105 qui
1516 3040 1610 3088 tamen
1622 3050 1767 3106 nunquam
1776 3032 1898 3109 Episco-

318 3137 374 3212 pali
389 3136 528 3212 dignitate
540 3136 652 3212 praediti
671 3135 761 3193 inere.
804 3135 937 3211 Sepultus
950 3145 994 3193 est
1008 3133 1157 3191 Disibodns
1169 3134 1199 3191 in
1214 3133 1349 3192 Oratorio
1366 3134 1443 3209 quod
1462 3134 1515 3191 sibi
1535 3134 1725 3209 paravisset
1746 3146 1857 3210 postca,
1879 3154 1898 3194 a

318 3240 348 3299 S.
361 3241 509 3299 Bonifatio
522 3240 706 3316 Moguntino,
718 3238 829 3313 Corpus
843 3239 872 3296 in
888 3238 1106 3306 Monasterium,
1120 3239 1157 3294 ad
1178 3237 1385 3296 occidentalem
1408 3238 1536 3311 ejusdem
1547 3237 1658 3295 montis
1670 3237 1794 3314 plagam,
1808 3251 1897 3299 truns-

314 3343 406 3400 latum
421 3343 484 3413 luit,
509 3343 558 3400 ubi
573 3344 691 3400 flumina
705 3341 800 3410 Naba,
820 3353 849 3398 et
872 3342 1013 3411 Glannus,
1035 3342 1218 3409 confluentes,
1237 3359 1327 3420 prope
1341 3340 1573 3418 :trinitatatem
1591 3341 1621 3398 in
1643 3340 1784 3403 sinistram
1800 3341 1896 3405 Rheni

317 3449 408 3523 ripam
424 3449 549 3526 influunt
561 3449 636 3525 apud
650 3448 790 3523 Bingium,
804 3448 832 3504 in
848 3448 974 3505 Dioecasi
990 3447 1171 3523 moguntina.

356 3550 434 3609 Huic
447 3551 585 3627 Catalogo
606 3551 690 3609 finem
704 3550 850 3628 imponere
866 3551 1118 3627 monetpmposita
1127 3550 1262 3617 brevitas,
1277 3559 1380 3610 coacta
1393 3552 1553 3628 prolixitas.
1594 3552 1649 3610 Sed
1662 3554 1741 3630 prius
1763 3556 1895 3614 mouendi

317 3665 384 3712 sunt
402 3657 551 3731 scriptores
565 3656 663 3723 nostri,
687 3654 884 3730 Chronologiae
905 3673 981 3712 sanae
995 3656 1123 3725 studiosi,
1136 3656 1167 3711 in
1183 3655 1272 3713 Italiae
1294 3656 1408 3714 civitate
1424 3658 1521 3714 Lucca
1534 3657 1719 3715 instauratum
1733 3659 1827 3728 fuisse,
1840 3679 1897 3717 non

316 3759 546 3825 verocunditum,
555 3758 769 3826 anno·700,SS.
779 3759 922 3815 Vincentii
936 3769 964 3815 et
976 3758 1098 3815 Fridiani
1113 3759 1304 3816 Hibernorum
1315 3761 1534 3828 Monasterium,
1548 3761 1632 3836 idque
1646 3762 1771 3829 nFaulo,
1781 3764 1894 3837 Majore

316 3860 520 3916 eommutavit
539 3859 700 3936 Cuniperti,
726 3860 976 3934 hingebardorum
1001 3861 1093 3935 Regis,
1118 3861 1200 3933 cujus
1216 3861 1352 3936 Diplonta
1367 3862 1457 3920 edidit
1471 3863 1657 3920 Mobilloniua
1671 3865 1707 3919 in
1727 3864 1895 3940 Appendicc

316 3961 406 4018 tomi-I
422 3961 593 4027 Annalium,
603 3961 702 4016 datum
715 3961 807 4016 TIcini
817 3961 846 4016 in
858 3962 978 4031 Palatio,
990 3979 1064 4019 nona
1078 3962 1124 4018 die
1133 3963 1239 4020 Mensis
1252 3965 1327 4021 Nov.
1335 3981 1411 4021 anno
1421 3965 1574 4036 felicissimi
1582 3966 1671 4041 Regni
1683 3965 1828 4041 cuniperti
1840 3967 1894 4036 IX,

315 4061 647 4141 perlndictionem'XV,
660 4060 707 4117 ubi
723 4079 774 4135 pro
793 4061 850 4118 XV
874 4063 946 4121 forte
965 4064 1085 4140 legenda
1105 4077 1152 4122 est
1166 4066 1253 4137 XIII,
1274 4086 1339 4143 quae
1362 4067 1461 4130 melius
1475 4086 1550 4125 anno
1562 4069 1659 4144 'Regni
1673 4067 1716 4131 IX
1742 4070 1896 4147 respondit,

315 4167 411 4242 Hujus
423 4163 591 4226 Monosterii
608 4162 754 4223 Hibernici
769 4164 897 4221 meminit
910 4167 938 4223 in
956 4186 1008 4224 suo
1020 4179 1191 4230 testamento
1202 4168 1390 4245 Walprandus
1401 4170 1572 4244 Episcopus,
1595 4170 1776 4246 Principanto
1791 4175 1894 4233 Astulo

317 4269 404 4344 Rogo,
419 4272 454 4326 de
468 4269 551 4343 cujus
569 4286 655 4343 regno
670 4285 732 4342 quae
747 4266 903 4324 certissima
913 4279 979 4324 sunt
992 4269 1083 4325 edidit
1097 4270 1283 4333 Muratorius.

318 4561 364 4623 (1)
385 4563 439 4610 Vita
461 4566 562 4626 Antiqua
582 4566 698 4618 Anvberti,
720 4564 809 4627 scripta
829 4581 844 4611 a
866 4571 947 4612 coaevo
959 4567 1071 4630 dignatio,
1092 4569 1156 4631 apud
1179 4568 1300 4617 Mabillon.
1319 4569 1539 4628 initiasset,
1556 4589 1579 4638 p.
1586 4576 1643 4630 522,
1654 4576 1668 4622 1.
1678 4579 1715 4630 18,
1727 4589 1751 4621 a.
1762 4577 1799 4629 19,
1809 4591 1832 4638 p.
1840 4576 1896 4629 59⁷,

316 4649 372 4687 etn.
380 4644 421 4717 bt,
434 4657 455 4703 p.
467 4645 523 4697 609,
539 4643 835 4692 ll'illelmnchmeticemir
846 4646 862 4692 l.
875 4650 899 4700 7,
916 4662 937 4693 e.
947 4651 986 4694 22.

314 4719 358 4781 (2)
375 4723 460 4768 Arnai.
474 4721 560 4769 Bened.
572 4724 588 4770 1.
600 4728 638 4777 16,
651 4740 674 4770 n.
686 4729 727 4779 44,
739 4741 763 4786 p.
774 4728 831 4773 523.
867 4726 974 4775 Mariani
986 4725 1074 4776 Chion.
1086 4730 1117 4778 ad
1132 4746 1188 4780 anu.
1200 4734 1257 4780 6⁷4.
1291 4731 1364 4781 Mons
1378 4731 1484 4783 Divibodi
1497 4731 1568 4782 bodie
1583 4732 1719 4795 appellatur
1730 4733 1860 4802 Dieenberg
1870 4736 1896 4791 in

309 4799 453 4851 Palatinam
465 4800 579 4849 interiori.
592 4804 674 4850 Sarius
685 4804 715 4852 nd
728 4809 742 4850 8
754 4805 824 4854 Julii.
