4446 6000
719 555 980 622 ausuras
1014 551 1416 620 unrournusns.
1751 524 1854 623 345
1979 541 1983 547 ’

279 727 460 818 Tirlacho‚
482 754 567 804 cum
594 729 750 804 dimidio
779 732 942 830 Moghae‚
975 733 1033 828 (i.
1049 757 1080 806 e.
1110 729 1266 803 dimidio
1284 727 1446 801 Australi
1469 725 1690 822 Hibernia)
1729 729 1767 803 in
1798 732 1855 804 di·

275 854 434 927 midium
455 852 590 943 Conui,
607 854 684 950 (ie.
707 854 901 928 dimidium
920 850 1234 953 septentrionale)
1252 851 1371 925 donec
1390 863 1635 949 pervenerunt
1652 853 1698 925 ad
1718 853 1855 928 vadum

273 977 411 1050 Ferdiae
445 976 575 1074 (hodie
590 994 761 1077 corrupte
777 979 931 1070 Ardee‚)
953 990 992 1051 et
1015 977 1260 1055 obtinuerunt
1288 974 1458 1072 Argiallii
1481 974 1675 1048 victoriam
1693 977 1852 1050 Ardmo-

271 1125 471 1175 nanensem
492 1103 539 1176 de
572 1101 836 1177 Murcertacho
853 1101 1023 1190 O‘Briau‚
1045 1102 1084 1174 in
1110 1125 1182 1196 qua
1201 1097 1315 1171 occisi
1344 1110 1432 1170 sunt
1446 1096 1609 1193 plurimi.
1664 1098 1852 1175 Douchad

269 1221 528 1295 O'Canannan
559 1248 625 1298 rex
652 1224 888 1297 Tirconalliae
906 1223 1050 1297 occisus
1067 1233 1133 1295 est.
1188 1220 1384 1293 Doualdus
1414 1220 1513 1293 filius
1541 1220 1741 1295 Murchadi
1770 1225 1853 1307 Rex

270 1344 444 1418 Dublinii
477 1344 571 1419 obiit
607 1345 829 1442 aegritudine
863 1345 975 1420 trium
1000 1346 1187 1419 noctium..
1220 1342 1283 1441 (l)
1346 1343 1541 1418 Donaldus
1575 1342 1856 1420 O'Caudelban.

270 1467 415 1539 occisus
435 1466 481 1538 ab
499 1467 717 1565 Argialliis.]

269 1593 339 1669 ltu.
365 1595 476 1684 10111
490 1593 541 1668 rt
569 1591 629 1664 Kl.
646 1591 669 1664 J
674 1616 730 1663 an.
746 1589 810 1665 fer.
826 1592 874 1665 vi.
895 1591 988 1667 Eun.
1009 1593 1089 1668 xxii
1137 1592 1338 1669 Gairdeidlr
1364 1592 1397 1664 lt.
1418 1593 1713 1669 Mureclr'tuirrdli
1745 1596 1783 1666 ri
1812 1595 1859 1668 li..

272 1716 403 1788 Meitlr
418 1710 579 1812 oferaid
591 1713 732 1803 Milite,
752 1713 942 1790 Gillo-Cr.
963 1717 997 1789 lr.
1016 1716 1216 1791 Duibdara
1244 1719 1279 1790 ri
1295 1716 1547 1791 Fernmunaclr
1560 1719 1596 1790 in
1610 1717 1796 1791 Daimim's
1814 1720 1862 1805 las·¹

268 1837 515 1911 Firumanuclr
531 1863 563 1910 ο.
585 1862 611 1909 s.
667 1837 776 1910 Dom.
797 1840 829 1910 lr.
854 1836 991 1913 Crican
1006 1840 1042 1912 ri
1055 1842 1089 1914 t.
1111 1840 1317 1913 Fiuclrruch
1336 1841 1584 1929 Ardusrutlra,
1607 1852 1628 1919 7
1648 1865 1694 1912 ar
1708 1841 1775 1912 ime
1789 1840 1850 1911 do·

267 1962 394 2034 marblr
411 1964 437 2034 d
444 1963 503 2034 uib
519 1962 553 2033 T
550 1962 682 2048 uirtre,
703 1972 725 2039 7
740 1962 782 2033 do
794 1964 894 2035 renel
911 1963 1076 2058 Binnigb
1093 1962 1240 2037 Glinne.
1287 1963 1453 2034 Murcia
1465 1987 1508 2035 m.
1522 1963 1659 2036 Flaiud
1672 1963 1705 2034 Ιι.
1725 1962 1854 2034 Muel-

265 2083 371 2156 seclrl.
404 2084 439 2156 ri
453 2082 651 2155 Tembraclr
676 2078 742 2177 fri.
755 2107 795 2157 re
826 2085 880 2155 tri
900 2084 1054 2174 noidltce,
1080 2085 1252 2159 donrurbb
1270 2085 1282 2156 i
1298 2085 1466 2159 cloicticlr
1485 2083 1728 2158 Cleanannsa
1744 2085 1787 2157 do
1800 2110 1855 2157 m..

267 2209 423 2283 Maelan
449 2207 484 2278 ri
500 2205 672 2300 Galleng.
725 2204 844 2304 Slogb·
862 2207 898 2278 la
930 2209 1120 2281 Eairrdelb
1141 2209 1155 2279 i
1173 2207 1389 2281 Connuclrtu
1417 2233 1456 2281 co
1473 2210 1586 2281 ruinis
1605 2211 1641 2282 ri
1662 2207 1854 2283 Conuaclrt.

269 2332 306 2403 iu
333 2356 356 2402 α
389 2329 503 2418 tlreclr,
542 2331 577 2401 ·i·
610 2329 800 2401 Ruaidltri
834 2330 1099 2404 lt..Cancoduir.
1146 2329 1287 2402 Maind
1303 2327 1415 2400 Belut
1432 2330 1490 2400 ria
1508 2353 1532 2399 n
1550 2330 1856 2404 Acdlrlr.tl1uel·

268 2455 374 2527 seclrl.
391 2465 414 2532 7
434 2455 492 2526 ria
505 2450 640 2548 serm'b
659 2450 818 2545 Muiglri
846 2449 938 2523 Icta
960 2452 1028 2548 jor
1050 2450 1212 2525 Cienaclt
1226 2465 1265 2524 ta
1281 2475 1361 2523 coro
1387 2452 1471 2524 ladlr
1488 2474 1536 2522 cm
1552 2452 1643 2547 derg
1657 2475 1713 2523 ur.
1767 2450 1852 2526 Cele

267 2602 311 2651 m.
338 2577 543 2650 Donnacan
576 2597 664 2648 cerm
697 2572 817 2646 crablr.
844 2573 914 2646 Ec.
935 2571 965 2646 i.
980 2573 1068 2672 Xpo
1087 2598 1122 2668 q.
1186 2573 1396 2649 Gormlaitlr
1424 2576 1483 2649 in..
1501 2575 1531 2647 lr
1549 2575 1588 2648 ui
1615 2573 1758 2648 Ocarta
1783 2576 1853 2649 ben

266 2701 385 2775 Toirr.
405 2699 438 2770 b.
460 2696 594 2770 Brt'ain
621 2697 712 2768 doec.-
764 2694 949 2789 [Garbetlr
984 2695 1263 2770 O’Murechtan
1287 2697 1369 2770 Rex
1390 2695 1620 2770 Meithorum
1649 2722 1670 2769 a
1696 2696 1847 2770 Miden-

269 2821 389 2910 sibus,
416 2818 547 2893 Gildas
580 2815 751 2890 Christus
780 2816 1009 2892 O'Dubdara
1041 2819 1124 2893 Rex
1154 2818 1491 2910 Fermanacheusis‚
1530 2821 1577 2893 in.
1598 2820 1806 2910 Damhinis,
1826 2845 1858 2895 a.

267 3157 297 3213 p.
308 3131 358 3204 69.
400 3135 485 3192 Errat
498 3134 623 3192 Waraeus
645 3133 707 3208 ejus
720 3134 831 3192 obitum
845 3134 973 3193 referens
986 3135 1024 3192 ad
1037 3153 1104 3194 ann.
1122 3131 1208 3199 1076.
1250 3135 1418 3194 concordat
1444 3136 1519 3193 enirn
1544 3152 1610 3193 curn
1625 3133 1668 3191 bis
1687 3131 1848 3191 Annalibus

267 3231 420 3288 Ghronicnn
433 3230 555 3288 Maurice
570 3231 599 3286 in
614 3249 671 3306 quo
685 3230 747 3288 hreu
761 3230 951 3288 habentur-ad
965 3249 1032 3290 ann.
1047 3237 1135 3300 1075,
1148 3237 1167 3264 “
1183 3251 1281 3289 ornnes
1295 3251 1426 3309 proceres
1438 3231 1598 3289 lnsularum
1613 3229 1758 3287 audientes
1772 3248 1850 3287 mor-

268 3334 287 3360 “
302 3337 360 3384 tem
372 3328 526 3402 Laginauni
539 3328 571 3397 (i.
586 3346 612 3384 e.
630 3327 679 3384 filii
701 3326 905 3404 Godredi,.qui
916 3327 941 3384 ei
954 3330 1089 3386 successit
1110 3329 1139 3385 in
1164 3327 1309 3403 Regimine
1332 3328 1460 3385 Manuiae
1481 3338 1511 3385 et
1525 3326 1699 3398 lusularum)
1711 3324 1849 3382 miserunt

267 3428 287 3456 ‘⁸
302 3424 423 3499 Legatos
446 3425 481 3479 ad
508 3421 709 3479 Murecardam
723 3421 848 3478 O'Brian
872 3423 977 3498 Regem
992 3424 1129 3493 Ybernie,
1143 3425 1319 3500 postulantes
1334 3433 1367 3479 ut
1381 3423 1505 3499 aliquem
1520 3422 1610 3478 virum
1624 3419 1795 3478 industrium
1811 3421 1850 3477 de

266 3524 286 3554 “
302 3520 400 3595 Regali
424 3520 510 3596 stirpe
534 3519 707 3589 (Hiberniae)
721 3518 749 3575 in
764 3519 869 3593 Regem
883 3518 924 3575 eis
948 3519 1086 3587 mitteret,
1101 3519 1193 3576 donec
1207 3517 1299 3577 Olaus
1315 3518 1389 3575 filius
1403 3517 1530 3576 Godredi
1545 3527 1695 3575 cresceret.
1738 3515 1848 3572 Annuit

268 3621 286 3650 ¹⁴
296 3616 336 3673 eis
350 3616 412 3673 Rex
428 3614 622 3682 libentissime,
637 3624 667 3672 et
684 3615 839 3691 quemdam
853 3612 1054 3688 Dompnuldum
1066 3616 1157 3672 filiunt
1174 3613 1253 3672 Tedc
1268 3615 1303 3672 ad
1318 3634 1367 3672 eos
1382 3614 1485 3673 misit.'’
1527 3611 1628 3670 Cdrorr.
1644 3611 1767 3669 Mnnnioe
1780 3610 1847 3669 MS.⁵

266 3711 295 3767 in
306 3713 422 3767 Cotton.
434 3711 449 3767 J
454 3710 528 3766 ulius
539 3711 579 3766 A.
590 3709 637 3766 rii.
674 3708 777 3783 Agitur
790 3710 836 3765 hic
857 3713 965 3785 absque
978 3711 1066 3767 dubio
1082 3711 1117 3766 de
1130 3710 1297 3768 Turdeldaco
1310 3709 1445 3778 O'Brr'an,
1466 3710 1563 3766 Briaui
1588 3709 1728 3765 ssororuaei
1751 3707 1849 3781 Regis,

266 3805 440 3862 eThaddaeo
461 3804 521 3860 filio
536 3814 659 3878 nepote,
674 3804 724 3876 qui
739 3821 853 3878 reguum
869 3803 1026 3862 Momoniae
1039 3804 1160 3881 adeptus
1174 3823 1250 3861 auno
1273 3800 1361 3869 1064,
1384 3823 1441 3878 quo
1465 3801 1628 3858 Douchado
1654 3813 1758 3875 patruo
1779 3819 1845 3858 suc·

267 3901 359 3964 cessit,
373 3899 500 3973 regnavit
512 3898 592 3953 aunis
604 3902 654 3965 22,
668 3907 697 3953 et
711 3897 782 3952 obiit
795 3896 871 3972 apud
886 3901 991 3954 Arcem
1007 3896 1037 3953 K
1040 3897 1211 3955 enncoradioe
1224 3916 1300 3954 anno
1314 3897 1463 3965 aeuristt.
1474 3895 1565 3971 pridie
1579 3893 1647 3951 ldus
1659 3893 1741 3962 lulli,
1753 3893 1804 3952 ser.
1812 3901 1841 3953 3.

266 3998 356 4053 Extat
370 3995 399 4052 in
414 3993 455 4050 lV
469 3991 673 4066 Magistroram
687 3991 847 4048 Annalibus
863 3991 1016 4051 Distichon
1027 4004 1106 4050 vetus
1121 3993 1309 4050 Hibernicum
1320 3991 1394 4067 quod
1407 3989 1494 4048 refert
1503 4007 1608 4046 annum
1628 3984 1713 4056 1086,
1724 4001 1754 4046 et
1763 3989 1839 4048 diem

265 4093 377 4161 mensis,
391 4086 629 4154 ethebdomadis,
642 4095 672 4143 et
684 4105 772 4143 annos
787 4086 863 4161 regni
877 4093 925 4145 22.
969 4089 1059 4145 Extat
1071 4089 1158 4146 etiarn
1173 4087 1327 4165 Lurrsrertci
1339 4085 1551 4144 cantuariensis
1573 4085 1610 4141 ad
1634 4084 1755 4142 eundem
1771 4085 1844 4143 ton

266 4191 417 4248 delbacum
429 4182 717 4261 Epistola,.inscripta
730 4185 749 4214 “
764 4179 1066 4257 Illugnficuflibernie
1079 4182 1153 4259 Regi
1167 4179 1504 4241 Terdetvacuztlssertt
1519 4178 1627 4255 Syllog.
1644 4179 1698 4256 Ep.
1709 4183 1760 4248 27,
1773 4199 1842 4240 ann.

267 4279 641 4361 1074,p.71.-Successit
654 4278 680 4337 ei
695 4276 914 4335 Murchertaeus
928 4278 1013 4348 lilius,
1024 4280 1071 4356 qui
1086 4280 1173 4337 literis
1187 4281 1223 4337 ad
1239 4278 1406 4337 Ansclmum
1417 4275 1653 4335 cantuariensem
1666 4275 1755 4335 missis
1765 4297 1850 4338 anuo.

269 4377 356 4448 1096,
369 4380 410 4437 ita
422 4375 586 4453 subscripsit
608 4377 628 4406 “
641 4373 703 4450 Ego
717 4371 931 4430 Marcdertucus
945 4373 1007 4430 Rea
1020 4374 1161 4432 Hibernia
1173 4372 1346 4450 subscripsi.''
1368 4374 1398 4432 S.
1411 4371 1564 4431 Ausclmus
1574 4391 1687 4448 quoque
1700 4371 1787 4429 literis
1800 4373 1839 4430 ad

263 4475 358 4554 ipsum
375 4494 450 4532 auno
469 4479 546 4531 1100
559 4470 631 4528 datis
648 4470 747 4529 scribit
765 4474 784 4503 ‘⁴
795 4467 999 4528 Muriardacto
1008 4469 1131 4548 gbrioso
1141 4470 1220 4549 Regi
1228 4467 1397 4528 Hibernic.”
1437 4467 1560 4546 Sylloge.
1573 4467 1663 4545 Epist.
1672 4474 1776 4540 dass,
1786 4465 1842 4541 36,ss

264 4577 314 4635 37.
358 4572 431 4627 Vide
446 4569 519 4627 infra
533 4587 599 4625 ann.
618 4562 705 4625 1086.

266 4669 312 4739 (1)
321 4665 448 4741 Lagcniae
462 4666 563 4739 Reges,
577 4665 667 4721 Danis
682 4662 812 4722 Dublinii
825 4663 976 4740 superatis,
990 4671 1021 4722 et
1034 4648 1149 4723 Amlalo
1162 4672 1248 4742 capto
1261 4684 1337 4724 anno
1354 4671 1441 4734 1029,
1452 4663 1542 4739 Reges
1552 4659 1689 4728 Dublinii,
1703 4668 1734 4717 et
1744 4658 1853 4736 Reges.

268 4761 490 4835 Alienigeuurum
504 4769 601 4835 postea
613 4758 804 4836 appellantur,
818 4769 851 4816 ut
863 4778 949 4836 supra
961 4758 997 4815 ad
1012 4778 1078 4818 ann.
1093 4764 1179 4831 1070,
1193 4773 1222 4821 et
1234 4762 1265 4822 iu
1277 4761 1435 4823 Annalibus
1448 4759 1594 4821 Priorattta
1608 4754 1734 4816 omnium
1748 4755 1852 4821 Seue-,-

267 4868 361 4921 torum
374 4855 452 4935 apud
465 4846 606 4914 Wsrieun
619 4857 656 4914 ad
670 4872 736 4915 ann.
755 4860 843 4931 1071,
853 4864 883 4914 et
892 4873 977 4936 supra
989 4854 1024 4916 ad
1039 4874 1105 4918 ann.
1119 4859 1206 4920 1072.
