4446 6000
740 532 1003 599 auulsas
1040 530 1441 598 ucronmusus.
1794 505 1899 615 ’107

315 714 354 790 st
370 710 560 809 Bresallo]
600 710 662 814 (1)
699 713 804 791 Mors
822 715 1047 791 Ettersceail
1079 739 1135 793 nac
1161 714 1272 815 Aede,
1299 739 1354 788 mc
1383 713 1576 811 Colggene,
1607 712 1755 812 registr.
1776 714 1895 789 Ceam

314 840 458 915 sellaclt.
512 839 737 915 Dormitatio
755 844 832 917 Ain
854 843 985 939 cellaig
1002 842 1073 917 Ab.
1093 841 1249 916 Condire
1266 840 1502 936 [Conuor]ct
1518 842 1661 915 Laiune
1679 843 1744 913 ela.
1788 840 1902 921 Niall

299 961 480 1062 frassacl
496 988 552 1040 mc
571 965 764 1064 Fergaille,
794 979 815 1047 7
836 967 951 1041 Niall
966 990 1044 1040 ntae
1062 964 1366 1062 Conaill-graiut,
1387 988 1453 1037 rex
1467 964 1637 1039 Deiscirt
1655 966 1769 1064 Breg,
1789 968 1902 1062 [filisu

317 1088 464 1164 Conalli
483 1089 577 1178 cani,
604 1113 669 1164 rex
690 1089 858 1163 australis
877 1088 1049 1185 Bregiae‚]
1072 1098 1096 1169 7
1115 1089 1151 1161 Τ
1148 1090 1253 1161 acatal
1279 1112 1356 1162 acac
1375 1087 1590 1164 Cremtainn
1606 1113 1672 1161 rex
1691 1090 1846 1180 Coelan,
1874 1099 1899 1170 7

237 1248 241 1254 ·
314 1214 438 1290 Flann
456 1214 636 1288 abrathar
668 1212 795 1309 [frater
812 1209 905 1308 ejus]
924 1235 989 1283 rex
1007 1210 1046 1282 lei
1064 1210 1204 1300 Mollis,
1241 1223 1264 1291 7
1297 1213 1381 1285 Aea
1408 1212 1503 1286 Flnn
1539 1212 1634 1308 [Acd
1653 1211 1785 1306 Albus]
1816 1238 1894 1289 mac

313 1403 1892 1435 mmmm-..d

316 1527 365 1601 (1)
389 1527 602 1586 Monachorum
614 1525 744 1583 instituta
755 1522 846 1600 primo
863 1521 1003 1579 transiisse
1013 1541 1049 1579 ex
1064 1523 1187 1599 AEgypto
1199 1518 1229 1578 iu
1244 1521 1357 1580 ltaliam
1369 1525 1486 1582 tradunt
1511 1523 1541 1582 S.
1558 1525 1743 1602 Hieronymus
1764 1527 1792 1583 in
1808 1527 1899 1603 Epist.

320 1617 357 1679 16
369 1621 405 1681 ad
421 1622 604 1698 Principiam,
616 1632 646 1679 et
655 1621 686 1679 S.
698 1619 856 1677 Ambrosius
867 1617 895 1673 in
909 1617 1000 1694 Epist.
1017 1617 1137 1677 sn-s,
1153 1618 1309 1688 Martinus,
1321 1619 1368 1695 qui
1381 1620 1411 1679 S.
1425 1620 1540 1678 Patricii
1556 1623 1713 1680 auunculus
1734 1607 1895 1699 appellatur

316 1717 474 1779 aloceliuo
484 1736 510 1775 c.
523 1724 571 1787 22,
585 1717 763 1777 Monachum
779 1715 871 1773 induit
882 1713 1050 1782 Mediolani,
1063 1715 1092 1771 in
1110 1714 1288 1771 Monasterio
1298 1711 1330 1772 S.
1343 1714 1464 1784 Eusetii,
1483 1717 1560 1791 quod
1574 1736 1603 1773 se
1618 1718 1718 1774 vidisse
1732 1728 1852 1776 testatur
1866 1718 1895 1776 S.
1918 1767 1921 1773 .

317 1815 504 1889 Augustinus,
514 1812 641 1872 Confess.
653 1814 672 1872 1.
685 1819 713 1882 3,
729 1831 756 1870 c.
770 1808 799 1869 6.
815 1811 884 1869 Inde
897 1811 927 1867 iu
939 1809 1101 1867 Galliamse
1115 1809 1272 1876 emiserens,
1285 1811 1400 1884 primam
1409 1811 1572 1868 Galliarum
1584 1813 1792 1870 Monasterium
1805 1813 1901 1890 posuit

317 1907 508 1984 locociagum
520 1910 617 1988 [hodie
632 1905 761 1984 Luguge]
774 1924 849 1964 anno
861 1901 932 1974 361,
959 1914 989 1963 et
1008 1906 1130 1962 alterum
1144 1905 1343 1982 paulopostca
1358 1904 1485 1964 Turonis.
1529 1907 1574 1964 De
1600 1908 1629 1965 S.
1647 1908 1767 1966 Martini
1792 1908 1898 1985 Schola

316 2005 454 2081 prodiisse
462 2005 614 2063 Ninianam
624 2007 659 2062 ad
669 2005 766 2062 Pictos
778 2003 916 2060 australes
928 2001 1146 2069 convertendos,
1159 2003 1261 2058 eodem
1276 2001 1334 2060 lere
1348 2010 1476 2078 tempore
1490 2021 1547 2077 quo
1557 2002 1586 2061 S.
1596 2003 1738 2061 Patricius
1749 2005 1785 2062 ad
1798 2005 1902 2064 Hiber·

317 2119 378 2167 isos.
404 2103 521 2162 tradunt
540 2100 660 2176 antiqui,
680 2100 722 2157 uti
746 2111 827 2159 notat
848 2097 940 2156 Smith
956 2098 985 2154 in
1013 2096 1087 2154 notis
1109 2103 1148 2156 24
1161 2108 1190 2154 et
1205 2103 1242 2155 28
1258 2097 1294 2153 ad
1309 2098 1328 2155 l.
1342 2104 1360 2156 3
1375 2117 1401 2155 c.
1414 2108 1433 2155 4
1448 2099 1542 2167 Bedae,
1566 2119 1595 2175 p.
1614 2095 1680 2157 106.
1722 2100 1840 2158 Certum
1858 2111 1903 2160 est

316 2196 414 2255 sedem
428 2196 628 2273 Episcopnlem
640 2196 828 2264 constituisse,
856 2213 962 2251 annum
977 2193 1171 2263 circiter412,
1185 2192 1214 2250 in
1228 2193 1293 2248 loco
1314 2193 1382 2250 olim
1398 2192 1523 2250 Candida
1537 2193 1708 2263 sarabodis
1724 2192 1764 2253 W
1761 2195 1903 2254 lit-derne

318 2292 476 2360 nominato,
487 2293 535 2347 ubi
554 2295 572 2323 “
586 2288 682 2346 Sedcm
696 2289 879 2365 Episcopatus
892 2287 923 2346 S.
935 2287 1060 2345 Martini
1073 2287 1202 2364 Episcopi
1216 2295 1243 2344 ct
1258 2287 1383 2346 Ecclesia
1397 2289 1527 2365 insignem
1536 2289 1657 2364 posuit.”
1679 2289 1748 2349 Bed.
1760 2291 1780 2348 1.
1793 2300 1822 2361 3,
1834 2312 1859 2351 c.
1871 2303 1902 2365 4,

317 2387 505 2445 Malmesbur.
522 2388 567 2443 De
577 2386 658 2444 Gest.
675 2387 758 2443 Pont.
772 2385 792 2443 l.
805 2391 834 2453 3,
845 2383 1055 2441 'linmuthensis
1076 2385 1105 2440 in
1117 2384 1186 2441 Vita
1201 2382 1329 2450 Niniani,
1350 2396 1380 2442 et
1392 2384 1461 2442 vita
1477 2383 1594 2442 Niniani
1616 2383 1721 2461 scripta
1733 2387 1770 2443 ab
1784 2386 1903 2445 Ailredo

317 2480 434 2541 Abbate
447 2501 522 2540 anno
539 2478 944 2555 1150.-SulpiciusSecerus,
959 2480 1035 2539 testis
1043 2479 1185 2550 oculatus,
1200 2479 1229 2537 S.
1245 2479 1365 2538 Martini
1379 2497 1499 2547 coaesus,
1514 2480 1605 2555 inquit
1631 2484 1651 2513 “
1662 2480 1736 2548 Quae
1750 2494 1793 2540 est
1803 2482 1902 2551 civitas

318 2589 370 2643 aut
381 2579 511 2637 Ecclesia
521 2598 584 2656 quoe
599 2597 655 2635 uon
669 2578 721 2635 sibi
735 2578 772 2636 de
787 2576 907 2637 lli-actiui
919 2575 1104 2635 Mouasteriis
1116 2589 1231 2653 caperet
1238 2575 1446 2634 sacerdotem?
1481 2576 1555 2634 Vide
1571 2587 1630 2634 not.
1644 2579 1680 2635 ad
1692 2596 1759 2637 ann.
1769 2585 1839 2637 805.

360 2675 470 2733 Eodem
498 2687 627 2750 tempore
647 2670 794 2733 Cassianus
820 2671 936 2728 natione
972 2669 1077 2745 Scylla
1104 2673 1180 2747 apud
1207 2672 1375 2740 Massiliam,
1413 2672 1505 2749 inquit
1530 2673 1706 2741 Gennadius,
1737 2673 1902 2735 Honoratus

318 2771 395 2846 apud
410 2770 553 2836 lerinam,
578 2768 683 2842 aliique
711 2767 741 2823 in
761 2764 929 2822 Stoecaditus
955 2766 1052 2822 insulis
1068 2767 1242 2823 nobilissima
1267 2766 1445 2824 Monasteria
1458 2769 1709 2827 condidere.-De
1723 2769 1904 2828 Staradensi·

319 2865 455 2922 basidem
472 2863 619 2920 Cassianus
631 2861 723 2936 inquit
744 2865 764 2893 “
779 2878 836 2917 non
848 2859 940 2916 solum
955 2858 1092 2916 Occiduas
1117 2861 1250 2936 regiones,
1272 2880 1371 2918 verum
1395 2863 1481 2919 etiam
1502 2864 1622 2932 insulas,
1636 2860 1768 2922 maximis
1783 2867 1903 2925 fratrum

320 2965 341 2994 “
363 2959 481 3018 catenis
504 2958 609 3017 fecistis
637 2956 768 3015 1101010.υ
802 2956 851 3015 Da
864 2955 1018 3015 Lennense
1040 2955 1177 3012 Canobio
1192 2954 1349 3013 Eucherius
1372 2955 1402 3011 in
1420 2957 1548 3032 Epistola
1561 2959 1598 3015 acl
1613 2959 1754 3017 Hilarium
1773 2961 1907 3035 inquit-

320 3062 340 3091 “
363 3057 435 3114 Haec
451 3075 526 3113 nunc
541 3055 628 3111 habet
639 3053 759 3111 Sanctus
774 3070 855 3110 senes
866 3051 942 3119 illos,
959 3051 1006 3126 qui
1026 3050 1140 3108 diversis
1157 3050 1268 3109 cellulis
1279 3051 1425 3127 AEgpptias
1444 3051 1547 3110 Patres
1558 3052 1661 3110 Gallia
1681 3054 1789 3113 icastris
1803 3055 1906 3114 intule-

319 3157 340 3187 ⁴‘
362 3153 457 3210 runt.''
490 3151 611 3209 Easdem
626 3149 758 3207 habuisse
774 3147 964 3206 Orientalium
979 3146 1101 3222 Regulus
1114 3146 1220 3222 insigne
1235 3146 1443 3206 Mouasterium
1459 3147 1654 3225 Aquileiense,
1666 3149 1695 3206 in
1709 3164 1766 3225 quo
1777 3150 1906 3243 Rufinus,

316 3249 429 3307 amicus
444 3246 558 3304 Celestii
580 3245 669 3314 Scoti,
695 3264 726 3303 se
750 3242 929 3300 Monachum
944 3241 1029 3300 luisse
1051 3251 1182 3312 testatur,
1207 3243 1293 3301 tradit
1315 3243 1416 3300 Norris
1443 3243 1472 3300 in
1495 3242 1621 3301 Historia
1635 3245 1795 3322 Pelagiana,
1816 3247 1903 3324 Oper.

320 3356 342 3402 t.
354 3353 380 3412 1,
395 3364 423 3421 p.
435 3340 505 3407 276.
542 3343 579 3400 Et
593 3351 671 3400 certe
686 3341 805 3398 Rufinus
821 3338 959 3416 Regulam
972 3337 1004 3397 S.
1016 3337 1115 3396 Basilii
1126 3339 1208 3396 Latio
1219 3339 1343 3407 donavit,
1359 3340 1400 3396 uti
1415 3350 1527 3397 constat
1539 3360 1576 3397 ex
1591 3340 1717 3399 Cassiani
1735 3344 1905 3405 Passennus

318 3442 356 3498 ad
367 3441 516 3498 Castorem
531 3442 699 3514 Aptensem,
714 3452 743 3495 et
757 3457 793 3494 ex
806 3435 964 3493 Fontaninii
974 3435 1102 3493 Historia
1115 3434 1297 3512 Aquileiense
1308 3437 1456 3506 Liternus,
1471 3438 1571 3495 Romae
1586 3443 1673 3509 1749,
1689 3460 1718 3520 p.
1730 3446 1800 3500 205.

361 3537 426 3596 lam
447 3556 513 3594 vero
533 3555 569 3593 ex
586 3535 627 3591 nis
648 3533 793 3612 principiis
809 3533 972 3592 Monastica
997 3533 1192 3591 Hibernorum
1206 3533 1342 3591 instituta·
1358 3534 1513 3610 repetunda
1536 3553 1598 3592 esse
1618 3548 1733 3595 constat
1753 3556 1790 3595 ex
1814 3545 1906 3600 setun

321 3633 434 3691 tissimis
448 3632 593 3708 Legendis,
608 3632 764 3708 priscorum
780 3630 836 3687 fide
849 3629 1026 3707 conscriptis,
1037 3639 1122 3705 atquc
1142 3629 1224 3688 editis
1236 3650 1254 3686 a
1265 3627 1407 3698 Hellanda,
1423 3626 1546 3700 Canisio,
1564 3629 1738 3701 Mulillonio,
1757 3632 1905 3704 Goldasto,

319 3728 492 3795 D'Aclerio,
516 3727 620 3796 Siriao,
638 3740 667 3785 et
690 3727 762 3793 aliis,
776 3745 829 3784 nec
843 3745 899 3783 uon
913 3746 949 3781 ox
965 3724 1081 3799 Regulis
1099 3726 1165 3800 ipsis
1186 3743 1257 3801 quas
1288 3723 1439 3799 exscripsit
1464 3723 1555 3781 Lucas
1566 3725 1736 3795 Holstenias,
1759 3729 1906 3803 ediditque

320 3823 407 3879 Card.
429 3822 586 3888 Bardcrini,
611 3824 711 3880 Romae
732 3818 818 3879 1661.
855 3822 997 3881 Pluterea
1022 3821 1115 3878 lenior
1136 3833 1197 3877 erat
1225 3819 1334 3894 Regula
1357 3819 1542 3880 Benedictina
1560 3840 1648 3895 quam
1668 3823 1835 3889 liiberuica,
1864 3823 1912 3885 uti.

320 3926 435 3974 coristat
453 3936 489 3972 ex
508 3917 589 3972 Actis
612 3916 734 3973 Concilii
750 3917 968 3974 lllatisconensis
978 3916 1044 3972 antri
1059 3912 1128 3984 625,
1152 3926 1181 3971 et
1194 3935 1232 3971 ex
1248 3915 1314 3971 Vita
1326 3914 1497 3971 Columbani
1512 3917 1618 3991 scripta
1631 3916 1736 3973 a‘eculo
1749 3921 1767 3978 7
1782 3936 1800 3972 a
1820 3916 1905 3976 dona.

321 4011 427 4068 Confer
454 4023 551 4075 notam
575 4011 649 4066 iulia
670 4011 706 4066 nd
730 4029 797 4067 anu.
813 4013 993 4068 805.---S.
1016 4011 1202 4086 Hildegardes
1217 4011 1342 4069 scribens
1363 4011 1398 4066 de
1413 4010 1547 4067 Disidodo
1562 4011 1705 4087 Episcopo
1721 4011 1905 4084 Hibernense,

320 4106 457 4164 defuncto
480 4105 1007 4179 u11n0570,inquit—“Constructo
1029 4108 1057 4162 in
1078 4107 1234 4164 Germania
1247 4106 1432 4175 lllouasterio,
1452 4106 1638 4180 collectisque
1660 4107 1690 4163 in
1712 4126 1746 4162 eo
1771 4110 1824 4165 sub
1849 4109 1905 4168 Re-

322 4203 423 4279 “gula
447 4201 476 4260 S.
488 4200 638 4258 Benedicti
655 4200 817 4267 Monachis,
837 4201 929 4257 noluit
947 4221 978 4258 se
1002 4201 1067 4276 ipsis
1091 4202 1278 4267 conformare,
1306 4219 1342 4257 ne
1362 4200 1511 4274 pristinum
1534 4210 1668 4260 anteacta
1694 4203 1760 4261 cita
1784 4205 1905 4280 rigarem

323 4304 341 4331 “
355 4301 495 4356 videretur
509 4296 643 4369 abjicere,
658 4315 723 4353 euru
740 4298 797 4369 ipse
810 4296 939 4363 sce-cuius,
957 4307 986 4351 et
1000 4296 1087 4370 magis
1106 4297 1227 4353 arduum
1238 4296 1302 4352 sitae
1315 4315 1403 4371 genus
1418 4311 1593 4371 sequeretur,
1608 4300 1722 4358 imitans
1739 4300 1774 4358 B.
1788 4300 1907 4363 Paulum

263 4435 264 4438 =
321 4398 469 4471 “priorum
487 4393 666 4452 Ereruitam.”
708 4392 781 4448 Vide
802 4391 891 4448 Sirini
913 4392 1096 4449 collectanea
1117 4391 1355 4465 pun-Galli,
1380 4412 1398 4449 a
1418 4394 1620 4451 vetustioribus
1641 4396 1777 4454 institutis
1799 4395 1905 4454 secuto

322 4491 365 4546 Vl
376 4491 553 4560 deficientes,
581 4489 704 4546 mitiores
723 4489 844 4564 regulas,
869 4497 896 4544 et
922 4488 1068 4545 Gallorum
1092 4497 1200 4544 natura
1222 4485 1417 4563 camararium
1443 4489 1601 4560 instituere,
1626 4493 1667 4548 uti
1691 4493 1778 4549 tradit
1805 4491 1906 4565 Agau-

316 4587 412 4643 nensis
427 4587 554 4645 instituti.
568 4586 732 4643 Monachus
742 4585 801 4659 qui,
822 4605 929 4643 annum
956 4586 1070 4642 circiter
1084 4591 1153 4651 500,
1167 4583 1278 4660 scripsit
1301 4585 1389 4643 vitam
1409 4583 1441 4642 S.
1453 4584 1580 4661 tingendi
1594 4587 1699 4643 editam
1720 4605 1738 4641 a
1763 4584 1904 4642 Bollandu

322 4681 686 4749 diellan.c.14,n.14.
726 4681 833 4739 Confer
851 4682 1109 4748 Vitamvetustam·
1129 4678 1157 4737 S.
1173 4679 1251 4736 Galli
1275 4680 1469 4749 Hibernensis,
1497 4681 1528 4756 [a
1551 4679 1720 4756 quocisitas
1745 4677 1775 4738 S.
1787 4677 1846 4739 Gal
1875 4683 1907 4742 iu

325 4776 456 4836 Helvetia
471 4794 575 4836 nomeu
597 4776 732 4854 accepis]
750 4780 826 4857 apud
847 4777 982 4835 ddalillon
999 4779 1067 4834 Act.
1081 4778 1185 4839 liencd.
1201 4779 1273 4838 Saec.
1286 4785 1315 4850 2,
1334 4797 1419 4855 quam
1439 4787 1583 4845 ,surmont
1603 4773 1692 4833 Smitl
1713 4774 1742 4833 in
1762 4773 1851 4836 nond
1869 4778 1906 4837 ad

1027 4870 1047 4919 Ρ
1056 4875 1071 4924 2
