4446 6000
670 545 1108 611 annornrlouas
1150 546 1224 607 au
1264 546 1537 614 snae.v111.
1754 503 1851 625 169

278 722 302 769 ‘⁸'
324 728 467 805 Porrtificis
478 727 677 794 Hibernierrsis,
700 727 773 802 quod
784 726 901 784 contulit
914 726 970 783 suis
981 724 1133 800 Discipulis
1145 726 1173 782 ia
1186 725 1361 787 Monasterio
1375 729 1405 788 S.
1418 731 1542 808 Remigii
1557 731 1664 800 Daune,
1689 729 1720 807 [1.
1731 750 1759 789 e.
1769 732 1849 789 Duni

280 837 302 867 ‘⁴
323 833 352 889 in
379 830 507 904 Ultonia]
532 849 614 905 super
634 829 797 905 Astrologia
829 829 970 887 Martiam
995 828 1113 904 Capella
1135 828 1298 889 Varronis.''
1317 835 1363 906 (l)
1417 835 1588 904 Martianus,
1604 833 1700 892 Patria
1725 834 1850 894 Madau·

281 936 378 1003 sensis,
392 944 425 991 ut
434 954 469 990 ex
481 933 651 991 cassiodoro
665 943 787 1001 constat,
800 933 972 1009 Carthagine
986 931 1133 1002 educatus,
1147 936 1259 1013 scripsit
1272 940 1370 996 Romae
1380 958 1487 996 annum
1498 939 1613 996 circiter
1625 935 1693 1008 460,
1718 952 1851 1015 regnante

281 1039 376 1097 Leone
392 1038 514 1108 Thrace,
534 1038 610 1115 stylo
634 1038 714 1107 Afro,
730 1037 931 1106 semibarbaro,
959 1056 1071 1114 aspero,
1094 1052 1124 1096 et
1145 1040 1267 1101 difficile.
1311 1044 1416 1101 Poema
1435 1043 1496 1116 ejus
1509 1041 1556 1099 De
1570 1041 1606 1098 vii
1621 1040 1738 1099 Artibus
1759 1041 1849 1099 edidit

279 1143 398 1204 Grotius
408 1161 482 1200 anno
499 1147 586 1211 1599,
597 1149 735 1216 extatque
749 1140 858 1198 editum
868 1159 886 1196 a
896 1138 1058 1212 Maittaire,
1073 1141 1102 1199 in
1116 1143 1242 1221 Corpore
1255 1148 1409 1206 Poetarum
1422 1147 1571 1217 Veterum,
1586 1155 1664 1202 tomo
1678 1150 1709 1214 0,
1724 1144 1846 1203 Londini

282 1251 370 1317 1713,
388 1251 555 1321 peg.1442.

317 1350 431 1427 Septem
442 1348 537 1414 Artes,
550 1363 670 1422 quarum
684 1345 803 1421 Regulas
817 1348 966 1407 succincte
975 1350 1106 1425 exponit,
1117 1362 1182 1411 sunt
1195 1351 1396 1424 Grammatico,
1410 1353 1578 1425 Dialectica,
1592 1351 1753 1422 Rhetorica,
1772 1349 1847 1410 Geo-

278 1452 388 1520 metrr'a,
412 1448 606 1516 Aritimetica,
628 1447 815 1519 Astromomia,
828 1461 857 1508 et
871 1449 993 1508 Musica.
1034 1452 1224 1513 Conseruntur
1246 1475 1309 1533 quae
1329 1458 1364 1515 de
1384 1477 1419 1515 eo
1436 1458 1553 1516 tradunt
1566 1455 1669 1526 Baiiet,
1693 1455 1846 1521 fabricius,

278 1565 308 1614 et
324 1554 443 1622 Vossius,
462 1554 510 1631 qui
524 1563 717 1623 terrenarum,
736 1553 806 1611 dum
820 1554 996 1613 Mattianum
1007 1556 1309 1635 aliquantojnniorem
1331 1559 1440 1629 asserit,
1454 1578 1540 1635 quam
1555 1556 1656 1626 Raetii,
1676 1569 1707 1616 et
1720 1555 1845 1615 Cassiani

279 1658 442 1719 testimonia
454 1658 550 1716 sinunt
567 1657 784 1732 adjudicari.(2)
799 1659 863 1715 lloc
873 1677 945 1734 opus
958 1659 987 1715 in
998 1662 1112 1718 vetustis
1125 1662 1318 1720 llibernorum
1331 1661 1495 1719 Academiis
1505 1662 1609 1737 exponi
1623 1661 1737 1718 solitum
1752 1660 1845 1728 tuisse,

279 1764 471 1821 demonstrant
481 1760 598 1836 dignitas
609 1760 813 1836 quaDuaciad
826 1761 970 1838 insignitus
981 1762 1160 1833 describitur,
1173 1766 1215 1836 (0)
1238 1774 1267 1821 et
1280 1763 1471 1822 testimonium
1494 1762 1621 1831 Lelardi,
1635 1766 1683 1840 qui
1701 1764 1738 1822 de
1761 1766 1845 1823 Dun-

279 1865 362 1923 chadi
373 1864 480 1921 Codice
493 1883 511 1920 a
520 1883 549 1920 se
562 1864 621 1920 viso
634 1864 787 1940 inquit-“
801 1865 1006 1921 commentarii
1020 1865 1167 1935 Dunchat,
1180 1867 1325 1924 Pontificis
1341 1866 1536 1935 Hibernensis,
1548 1886 1632 1944 super
1639 1867 1725 1926 libros
1741 1868 1845 1926 Marti·

276 1969 322 2026 eni
330 1968 463 2045 Capellae,
478 1967 727 2041 0111111111111111111.η
740 1971 785 2041 (4)
807 1968 895 2024 Extat
906 1978 1041 2044 praeterea
1053 1967 1188 2025 lobannis
1202 1967 1279 2026 Scoti
1291 1969 1418 2047 Erigere
1432 1970 1467 2028 de
1476 1971 1577 2028 eodem
1587 1971 1705 2047 Capella
1718 1971 1845 2029 testimo·

276 2072 355 2129 nium
368 2071 486 2146 insigne,
504 2071 532 2126 in
543 2070 616 2127 libro
640 2069 674 2126 de
691 2069 834 2127 Divisione
845 2071 974 2141 Naturae,
990 2071 1035 2143 (5)
1058 2080 1087 2127 et
1112 2069 1214 2128 Labbei
1234 2072 1264 2128 in
1277 2072 1458 2130 Bibliotheca
1471 2071 1611 2130 Codicum
1622 2072 1709 2131 MSS.
1723 2092 1786 2150 pag.
1793 2077 1847 2142 45,

277 2175 400 2251 itemque
414 2172 573 2231 Maurusii
584 2173 613 2230 in
625 2172 772 2230 Itinerario
788 2172 890 2230 Italico
911 2174 979 2231 edit.
992 2173 1080 2243 Paris,
1098 2178 1132 2236 17
1135 2181 1185 2242 01,
1200 2193 1228 2250 p.
1238 2170 1288 2245 76,
1314 2177 1391 2234 unde
1404 2185 1516 2234 constat
1532 2175 1658 2250 ejusdem
1676 2193 1748 2252 opus
1761 2174 1796 2232 de
1810 2175 1846 2232 vii

276 2280 402 2346 Artibus,
419 2280 449 2335 in
468 2277 565 2334 Gallia
581 2276 718 2350 explicari
735 2276 849 2334 solitum
864 2277 969 2334 saeculo
981 2286 1074 2346 sexto,
1087 2277 1164 2353 quod
1187 2286 1217 2335 et
1237 2278 1394 2353 Gregorius
1407 2278 1578 2335 Turonensis
1586 2278 1746 2348 continuat,
1755 2273 1800 2352 (6)
1816 2289 1847 2336 et

275 2382 419 2447 Alsuinus,
438 2381 482 2435 vel
503 2379 564 2452 ejus
576 2396 678 2434 nomen
694 2378 838 2448 mentitus,
857 2387 981 2436 vetustus
999 2379 1121 2456 scriptor
1142 2379 1281 2437 Carminis
1302 2379 1350 2436 De
1372 2380 1408 2436 vii
1422 2378 1552 2437 Scieatiis
1565 2379 1738 2450 liberalibus,
1760 2380 1843 2454 cujus

276 2485 405 2545 meminit
415 2482 561 2551 Lelaadus,
577 2482 624 2555 (7)
648 2482 754 2559 aliique
775 2483 924 2541 memorati
939 2484 1085 2542 Wartono.
1107 2487 1153 2558 (0)

315 2587 502 2652 Cassiodorus,
516 2586 599 2660 cujus
612 2583 710 2662 Opera
730 2584 798 2642 olim
809 2585 837 2642 in
851 2585 991 2644 Hibernia
1006 2587 1122 2645 laudata
1135 2587 1229 2658 foisse,
1245 2588 1436 2646 Hibernorum
1450 2605 1512 2664 qoae
1525 2594 1672 2646 remanent
1688 2586 1846 2664 fragmenta

276 2695 481 2760 demonstrant,
494 2688 697 2746 Consularib'us
710 2687 843 2763 insigniis,
856 2691 908 2747 sub
922 2689 1102 2749 Theodorico
1116 2690 1280 2749 Gothorum
1302 2692 1388 2767 Rege,
1402 2690 1485 2765 cujus
1496 2692 1533 2747 ab
1548 2689 1681 2766 Epistolis
1700 2698 1772 2760 erat,
1793 2691 1846 2748 de·

182 2866 185 2870 ,
275 2795 382 2876 positis,
395 2811 471 2850 anno
484 2790 634 2858 11111170,
647 2787 752 2845 Christi
766 2795 835 2858 640,
846 2800 874 2847 et
890 2789 1048 2849 Vivarierrse
1060 2794 1111 2851 sibi
1127 2777 1303 2852 Monasterio
1317 2794 1443 2864 condito,
1463 2793 1527 2850 loco
1548 2812 1635 2870 prope
1648 2793 1844 2870 Schyllaciutn

275 2897 472 2965 amenissimo,
486 2893 533 2951 ubi
548 2892 623 2950 horti
636 2891 743 2967 irrigui,
759 2903 788 2950 et
803 2892 904 2969 piscosi
920 2896 1010 2952 amnis
1031 2896 1148 2953 Pellene
1161 2899 1279 2966 fluenta,
1307 2917 1358 2974 per
1378 2897 1526 2955 hortorum
1542 2910 1663 2967 meatus,
1676 2899 1705 2956 in
1725 2897 1844 2955 Mones·

272 3005 376 3063 terium
390 3003 425 3059 ad
437 2999 520 3056 anans
534 2997 600 3056 litus
615 2997 738 3072 positum
750 2998 962 3070 derivabuntur,
981 3000 1117 3077 insignem
1141 3002 1181 3059 ibi
1197 3000 1404 3059 Bibliothecanr
1418 3001 1560 3068 instruxit,
1589 3019 1624 3058 ac
1644 3001 1731 3076 paulo
1744 3011 1843 3077 postea

275 3109 357 3186 Opus
367 3102 527 3182 composuit
557 3106 577 3134 ‘⁴
590 3100 636 3159 De
645 3100 826 3158 Institutione
840 3100 1006 3160 Divinarum
1018 3104 1188 3174 literarum,''
1213 3104 1313 3179 inquo
1333 3101 1460 3160 Cassiani
1471 3102 1614 3171 Instituta,
1637 3121 1655 3159 a
1679 3100 1841 3160 Columbaria

273 3224 369 3272 nostro
383 3210 509 3272 laudata,
533 3205 687 3282 discipulis,
714 3218 743 3263 et
766 3206 904 3282 cujusque
917 3206 1024 3263 ordinis
1036 3207 1198 3276 Monachis,
1213 3207 1311 3264 sedulo
1325 3206 1441 3283 legenda
1452 3207 1644 3286 commendat.

315 3316 346 3373 ln
358 3304 664 3388 hujnsOpirislibrot
681 3309 740 3384 agit
763 3311 800 3367 de
825 3309 919 3368 studio
940 3310 969 3367 S.
978 3309 1142 3386 Scripturae,
1156 3320 1186 3368 et
1206 3309 1363 3367 Historiam
1375 3307 1570 3384 Tripartitam,
1583 3328 1669 3386 quam
1687 3314 1724 3369 ab
1750 3312 1844 3370 amico

271 3417 431 3496 Epiphanio
448 3412 580 3490 componi
594 3412 714 3480 curavit,
728 3410 962 3470 occidentalibus
973 3411 1108 3469 Ecchsiis
1128 3411 1320 3481 commendat,
1335 3421 1434 3488 utpote
1447 3429 1521 3487 quae,
1535 3411 1694 3491 triaopera,
1708 3413 1843 3483 Socratis,

247 3555 252 3563 ·
272 3520 446 3587 Soaomenis,
458 3530 488 3575 et
497 3517 678 3585 Theodoreti,
691 3516 819 3577 inunum
831 3518 957 3588 redacta,
970 3527 1000 3575 et
1013 3517 1115 3575 Latine
1129 3518 1252 3586 reddita,
1264 3518 1468 3594 complectens,
1484 3517 1600 3575 Eusebii
1611 3536 1631 3575 x
1644 3506 1740 3588 libros,
1752 3539 1769 3577 a
1782 3518 1843 3578 Ru·

273 3625 330 3682 fino
354 3625 510 3690 traductos,
534 3622 642 3698 egregie
661 3621 827 3696 compleret,
849 3640 883 3679 ac
898 3640 948 3697 pro
963 3620 1089 3695 genuina
1111 3620 1249 3678 Ecclesia
1269 3619 1387 3678 historia
1408 3619 1569 3678 haberetur.
1611 3620 1682 3678 Haec
1695 3623 1795 3680 Versio
1808 3642 1844 3680 ea

272 3737 326 3796 est,
351 3744 436 3800 quam
463 3743 480 3780 a
505 3725 635 3780 Patribus
655 3724 796 3791 Hibernis,
820 3725 988 3800 caeterisque
1009 3722 1255 3792 Occirlentalibus,
1270 3725 1373 3798 ubique
1387 3723 1504 3779 citatam
1526 3723 1618 3792 luisse,
1640 3735 1763 3782 centena
1787 3726 1842 3783 Hi·

271 3829 432 3895 bernorum,
443 3838 472 3883 ct
492 3824 649 3894 Saxonum,
664 3845 743 3901 aeque
757 3844 791 3882 ac
806 3826 969 3894 Gallorum,
979 3836 1008 3882 et
1024 3825 1162 3881 Italorum
1177 3824 1340 3882 testimonia
1350 3824 1511 3881 ostendunt.

287 4112 330 4178 (1)
347 4112 466 4161 Primord.
480 4125 503 4173 p.
516 4113 573 4159 910.
607 4110 671 4158 Vide
678 4109 789 4158 Biblioth.
802 4112 1003 4162 Hiberacottmr.
1015 4111 1190 4173 vespasiana.
1202 4116 1240 4164 11,
1257 4125 1281 4157 n.
1294 4114 1318 4158 0.

285 4198 330 4259 (0)
348 4195 435 4251 Bailet,
445 4192 568 4255 ingemens
578 4192 617 4239 des
628 4190 736 4245 Scaeam,
746 4196 763 4236 t.
775 4194 799 4245 6,
808 4205 832 4253 p.
843 4193 900 4250 545,
912 4191 953 4239 vel
964 4199 1028 4238 tomo
1039 4194 1064 4245 0,
1076 4200 1144 4257 parte
1155 4195 1180 4249 0,
1191 4204 1245 4253 pag.
1255 4192 1313 4241 440,
1326 4204 1349 4235 n.
1362 4189 1433 4234 1005-
1450 4187 1603 4237 Amsterdam
1615 4189 1686 4246 1725,
1706 4199 1731 4239 et
1740 4191 1840 4242 Recueil

283 4265 323 4324 des
334 4273 505 4324 CritGrumm.
519 4280 536 4317 t.
548 4276 571 4327 0,
586 4279 652 4335 parte
665 4275 687 4324 1,
700 4273 788 4333 (1317,
800 4275 891 4319 11009.
919 4271 1031 4333 Itemque
1053 4274 1067 4298 ‘⁴
1081 4269 1172 4334 Erginus
1193 4270 1291 4315 desertus
1310 4267 1408 4314 celebres
1424 4283 1470 4328 per
1486 4268 1547 4315 leurs
1558 4271 1663 4317 studes.''
1692 4270 1840 4332 Patareus,

282 4371 306 4420 p.
319 4351 500 4404 234.-l'essius
511 4351 550 4399 De
561 4351 623 4400 Hist.
636 4350 688 4398 Lat.
701 4350 718 4399 l.
728 4353 752 4407 0,
769 4360 794 4400 et
806 4350 911 4406 Fabrici,
928 4349 1080 4398 Bibliotheca
1090 4348 1184 4404 Latina,
1196 4346 1274 4394 Lond.
1287 4345 1345 4394 edit.
1358 4347 1430 4402 1703,
1442 4363 1467 4412 p.
1481 4351 1536 4395 100.
1557 4349 1653 4399 Wartora
1664 4350 1734 4416 Engl.
1749 4351 1839 4418 Poetry

286 4444 304 4484 t.
314 4439 338 4490 2,
355 4450 380 4497 p.
390 4437 431 4487 76,
444 4442 468 4479 et
478 4440 496 4480 t.
507 4437 529 4486 1,
542 4447 565 4495 p.
577 4433 635 4480 ³91.

286 4513 329 4577 (0)
344 4514 407 4563 Vide
419 4513 596 4562 Bibliothecam
607 4520 711 4561 nostram
723 4511 944 4561 Hiberniae-Cotton
956 4506 997 4557 ubi
1008 4523 1089 4572 supra.
1116 4507 1219 4572 Vespas.
1232 4505 1260 4554 eh
1271 4512 1310 4554 11.

285 4593 328 4658 (4)
344 4594 434 4642 11111111
445 4592 601 4642 collectanea
611 4603 628 4641 t.
638 4597 661 4649 4,
673 4609 697 4655 p.
711 4596 766 4648 160,
776 4593 835 4641 edit.
848 4592 953 4646 Hearne,
964 4588 1041 4635 Lond.
1056 4592 1126 4637 1774.

289 4677 332 4733 (5)
349 4674 412 4721 Sesti
424 4673 527 4737 Eriginae
535 4674 552 4720 1.
566 4677 589 4729 0,
602 4689 657 4736 pag.
670 4676 791 4727 147,140.
825 4672 915 4720 Cont'er
926 4670 1056 4718 D'Acherii
1067 4668 1179 4732 spicileg.
1189 4677 1205 4715 t.
1214 4671 1237 4724 2,
1245 4675 1270 4714 et
1282 4667 1396 4715 Matium
1409 4667 1479 4716 Pras.
1492 4668 1523 4715 ed
1531 4665 1589 4714 Sese.
1602 4665 1639 4713 tv
1648 4665 1741 4712 Bened.

289 4752 332 4816 (6)
348 4753 419 4814 Greg.
433 4752 518 4799 Tarm.
531 4754 592 4801 llist.
604 4753 662 4800 edis.
676 4752 750 4809 Paris,
763 4757 834 4807 1522,
845 4761 869 4799 et
881 4749 986 4798 1111111111.
999 4752 1071 4804 1699,
1081 4750 1096 4797 l.
1106 4753 1144 4796 10.

287 4833 330 4898 (1)
346 4829 612 4882 brementensem
625 4837 649 4888 4,
662 4848 715 4896 pag.
725 4835 749 4881 7.
823 4830 865 4896 (0)
886 4829 980 4880 Warsm
992 4828 1063 4894 Engl.
1074 4829 1171 4897 Poetry,
1184 4833 1231 4886 11,
1244 4843 1266 4892 p.
1275 4828 1317 4888 75,
1328 4827 1438 4878 Gerbcrti
1449 4824 1488 4872 De
1501 4823 1564 4872 blus.
1577 4832 1595 4871 1.
1605 4828 1625 4879 1,
1637 4838 1660 4887 p.
1671 4827 1726 4881 tet,
1737 4832 1760 4873 et
1770 4829 1822 4893 190.
