4446 6000
718 549 980 619 ansatus
1019 526 1420 616 neronianus.
1733 518 1850 646 unu?

214 813 218 820 ,
280 735 389 811 elain
407 733 504 808 Hane
522 739 545 813 7
562 727 776 804 imebetaibt
803 729 958 803 imdaibb
975 752 1117 803 arcena.
1171 729 1343 827 Magnus
1370 731 1406 804 ri
1439 728 1564 825 Locld.
1584 730 1761 808 domata
1774 733 1849 835 for

279 855 398 933 creielr
416 855 453 926 in
472 851 626 928 Ulltuib.
645 849 831 925 Cathalnn
848 876 892 924 m.
911 849 1029 927 Senon
1046 853 1217 926 domorble
1234 855 1276 927 do
1294 854 1451 951 Cairpri.
1481 854 1635 928 Murolr.
1653 855 1849 932 afuat*-

280 1001 366 1052 etan
383 977 468 1051 Aer.
489 973 638 1085 Aedabe
653 974 711 1048 aui
728 974 838 1062 cenni,
870 974 1079 1071 7eannigh,
1113 976 1355 1068 7ar‘rchituil,
1392 976 1578 1072 [Praelium
1612 988 1721 1051 atron
1755 978 1851 1073 inter
1903 997 1907 1007 ·

38 1182 42 1189 ,
149 1196 155 1205 ·
262 1083 500 1201 'Lurgienses
535 1112 573 1174 et
605 1099 784 1197 populum
812 1095 953 1187 Hadra,
978 1097 1025 1203 in*
1052 1122 1126 1194 quo
1158 1099 1271 1174 occisi
1305 1113 1394 1175 sunt
1438 1125 1546 1199 supra
1578 1107 1633 1175 40
1661 1101 1852 1201 degente
1925 1121 1927 1125 ’

279 1224 421 1299 Ratbae.
475 1207 733 1296 O'Cananuan
751 1218 954 1294 occisusiu
972 1219 1106 1319 Regno
1134 1221 1369 1297 Tireonalliae
1388 1249 1409 1296 a
1427 1222 1603 1298 Donaldo
1623 1222 1844 1307 O‘loehlin.
1971 1231 1975 1238 '

277 1346 511 1424 Marchadas
527 1342 652 1418 Hesus
669 1344 816 1418 occisus
833 1343 880 1416 ab
899 1342 1065 1417 exercitu
1083 1355 1251 1417 vastante
1261 1344 1452 1442 planitiem
1473 1344 1596 1434 Covae,
1610 1357 1648 1419 et
1662 1346 1847 1434 exereitus

278 1468 506 1544 isteioooidit
524 1467 675 1542 Gildam
690 1489 883 1569 procerum
900 1465 1109 1542 O’Cormae
1126 1467 1253 1549 eodem
1272 1467 1341 1542 die.
1385 1467 1546 1566 Ragnall
1562 1462 1718 1541 O’Oean
1727 1466 1849 1566 judex
1962 1501 1965 1506 ¹

276 1591 510 1689 Telcheogiae
528 1589 671 1666 occisus
688 1615 710 1664 a
726 1590 815 1664 viris
847 1590 965 1688 campi
984 1588 1080 1665 lth.'
1112 1589 1256 1664 Bellum
1287 1591 1467 1689 magnum
1499 1591 1595 1663 inter
1625 1574 1799 1665 'l'ironios
1812 1605 1851 1666 et
2000 1570 2004 1581 Ι

279 1712 465 1803 Ultonios
486 1712 607 1787 donec
625 1713 728 1787 venit
756 1710 994 1787 Mureertaoh
1017 1712 1175 1786 O’Brian
1194 1739 1280 1788 cum
1299 1713 1439 1786 viribus
1458 1710 1660 1786 lllomoniae
1677 1725 1715 1787 et
1731 1713 1849 1810 Lago

226 1915 228 1918 ,
276 1837 359 1926 nia,
380 1849 418 1909 et
436 1836 605 1923 Ossoriae,
620 1848 759 1909 etcum
781 1835 1025 1933 Magnatibus
1047 1836 1258 1924 Connaeiae,
1281 1846 1421 1908 etcum
1440 1836 1579 1909 viribus
1598 1835 1738 1925 Midiae,
1759 1822 1847 1909 e'um

276 1961 352 2033 suis
370 1958 536 2056 Regibus
560 1980 674 2052 usque
691 1957 881 2054 planitiem
913 1950 1028 2029 Covoe
1061 1955 1106 2027 ad
1126 1957 1329 2029 subsidium
1350 1957 1523 2030 Ultoniae.
1579 1943 1851 2032 Profecti'sunt
1944 1996 1948 2003 ·

276 2085 386 2179 simul
402 2106 518 2177 usque
544 2077 737 2178 planitiem
755 2076 985 2167 Ardmachre,
1024 2077 1046 2151 i.
1064 2101 1093 2150 e.
1125 2099 1241 2175 usque
1261 2076 1609 2170 Cill-na-Cornaire,
1642 2093 1680 2155 et
1709 2105 1850 2154 reman-¹

147 2277 155 2289 ,
276 2217 404 2277 serunt
436 2202 487 2274 ibi
520 2201 731 2298 septimana,
767 2198 952 2274 hostiliter
980 2200 1192 2274 obsidentes
1238 2199 1497 2272 Ardmacham.
1576 2201 1771 2277 Donaldus
1802 2201 1858 2274 0³·

278 2323 448 2410 Lochlin‚
466 2345 551 2395 cum
576 2319 855 2417 septentrionali
873 2318 1051 2423 Hibernia
1068 2345 1204 2410 secum,
1242 2332 1522 2394 castrametatus
1538 2332 1595 2394 est
1612 2322 1742 2394 eodem
1758 2333 1851 2395 tem·

276 2471 364 2547 pore
395 2445 434 2518 in
465 2443 616 2541 regione
651 2441 832 2515 Bresalliae
864 2443 995 2540 campi,
1015 2455 1147 2516 eontra
1178 2465 1241 2515 eos
1271 2465 1319 2515 ex
1350 2441 1512 2516 adverso.
1568 2442 1733 2526 Quando
1749 2443 1852 2519 fuere

276 2567 424 2666 fatigati
444 2561 613 2663 (militia)
635 2563 922 2653 Momonienses,
950 2563 1021 2637 ivit
1047 2562 1290 2653 Murcertach
1305 2589 1421 2661 usque
1438 2563 1790 2656 Aonachmaohiam,
1814 2558 1871 2642 et¹

277 2689 502 2778 Rammium,
524 2698 561 2760 et
588 2685 812 2758 circumiens
847 2710 965 2782 usque
985 2685 1246 2776 Ardmacham,
1279 2687 1413 2783 donec?
1429 2686 1577 2782 reliquit
1605 2700 1693 2760 octo
1722 2687 1852 2762 uncias

276 2811 354 2883 auri
370 2833 478 2907 supra
490 2807 625 2894 Altare,
646 2819 685 2878 et
699 2806 865 2903 promisit
889 2809 957 2882 160
973 2808 1095 2902 boves,
1113 2822 1151 2884 et
1168 2809 1278 2883 rediit
1295 2810 1334 2882 in
1351 2810 1541 2908 planitiem
1562 2810 1675 2885 Covae
1702 2811 1848 2902 iterum,

276 2949 315 3009 et
328 2932 480 3028 reliquit
500 2929 744 3028 Lagenienses
761 2930 822 3021 ibi,
845 2943 882 3005 et
900 2932 1076 3030 plurimos
1112 2933 1439 3007 Momouiensium.
1495 2931 1689 3007 Profectus
1707 2945 1764 3036 est
1775 2933 1857 3031 ipse'

276 3081 365 3130 vero
383 3055 429 3129 ad
446 3053 663 3140 vastandam
682 3052 928 3143 Da1aradiam,
946 3055 1066 3128 donec
1084 3055 1245 3154 perdidit
1262 3055 1540 3130 Donnchadum
1560 3055 1677 3130 filium
1694 3054 1851 3129 Tordel-

196 3195 200 3202 '
231 3240 236 3279 :
276 3179 359 3252 baei
393 3177 455 3267 ibi,
492 3173 708 3272 (occisum)
739 3174 911 3248 etlilium
931 3176 1192 3251 O'Concobari
1226 3178 1367 3277 Regem
1386 3177 1575 3267 Ciaradiae‚
1597 3188 1636 3252 et
1665 3178 1859 3268 o’ueoaa·

275 3300 422 3374 etalios
451 3295 621 3394 optimos.
676 3295 754 3373 Ivit
789 3297 982 3372 Doualdus
1010 3298 1221 3373 O'Lochliu
1252 3325 1338 3374 eum
1371 3279 1649 3398 septentrionali
1667 3281 1853 3375 Hibernia

276 3445 393 3518 usque
408 3419 601 3519 planitiem
635 3417 750 3492 Covae
778 3433 909 3494 contra
938 3419 1193 3519 Lagenienses.
1249 3422 1447 3497 Venerunt
1475 3433 1663 3520 quotquot
1697 3421 1857 3521 lageni-

271 3569 388 3636 enses,
409 3558 447 3619 et
474 3544 624 3634 Ossorii,
655 3555 693 3618 et
718 3544 1003 3637 Momonienses,
1031 3559 1068 3620 et
1099 3546 1328 3645 Alienigena
1359 3544 1425 3642 qui
1455 3544 1506 3619 ibi
1537 3544 1691 3620 fuerunt
1723 3558 1856 3644 conus

276 3690 371 3757 eum,
409 3678 447 3739 et
471 3667 637 3741 inierunt
667 3668 842 3763 praelium.
899 3670 1069 3744 Victoria
1098 3683 1202 3766 parta
1218 3681 1274 3742 est
1288 3668 1335 3742 de
1361 3660 1514 3741 dimidio
1533 3668 1697 3765 Moghae,
1718 3669 1741 3741 i.
1759 3692 1789 3743 e.
1808 3667 1857 3742 de
1889 3703 1894 3724 ι

277 3786 463 3860 Australis
477 3784 677 3873 Hibernia,
697 3799 735 3858 et
750 3785 853 3859 faeta
881 3799 936 3859 est
952 3811 1080 3861 eorum
1111 3788 1219 3861 valde
1249 3804 1391 3884 magna·
1416 3801 1539 3883 strage
1567 3787 1861 3884 Lageni'ensium-

276 3933 364 3983 cum
384 3902 648 3981 Murcertacho
664 3904 741 3978 filio
762 3905 1197 3999 Gilda-Mocholmoehi‚
1219 3904 1357 3999 etcum
1375 3907 1523 3982 duobus
1543 3907 1782 3999 O’Lorcanis,
1815 3920 1855 3982 et

276 4056 363 4105 cum
383 4027 648 4105 Murcertacho
659 4027 734 4101 filio
752 4028 819 4106 filii
838 4031 1031 4122 Gormani,
1049 4043 1088 4107 et
1102 4031 1190 4107 aliis.
1245 4032 1391 4130 Strages
1409 4027 1749 4127 Cennselachorum
1766 4054 1853 4104 cum
2066 4046 2067 4050 ’

275 4153 421 4228 duobus
439 4151 522 4225 liliis
539 4150 770 4242 Maetmordi,
800 4165 838 4226 et
868 4133 954 4227 cum
982 4130 1153 4230 O'Riauo
1184 4167 1223 4230 et
1254 4154 1344 4230 aliis.
1400 4153 1545 4248 Strages
1576 4149 1734 4255 storiae
1767 4144 1855 4227 eum

276 4272 573 4350 Gilda-Patricio
590 4273 683 4363 rufo,
705 4274 770 4349 ie.
793 4275 896 4373 Rege
914 4278 1081 4369 Ossoriae,
1101 4289 1140 4352 et
1157 4302 1243 4350 cum
1259 4265 1422 4373 Regibus
1437 4273 1597 4347 Ostoriae
1622 4273 1855 4351 similiter-'-

159 4482 161 4486 ¹
273 4399 421 4496 Strages
438 4392 741 4494 Alienigenarum
761 4397 932 4474 Dublinii
951 4426 1036 4474 oum
1062 4398 1269 4474 Thorstano
1296 4399 1373 4474 filio
1397 4398 1511 4489 Erici,‘
1546 4411 1585 4472 et
1616 4422 1702 4473 cum
1734 4401 1852 4475 Paulo
1951 4468 1965 4483 ,,

276 4520 353 4592 filio
385 4518 558 4609 elmundi,
589 4544 675 4595 eum
712 4503 888 4594 Beollano
919 4533 1092 4622 stratego,
1129 4521 1167 4598 et
1200 4522 1295 4598 aliis*
1362 4523 1508 4623 Strages
1538 4519 1879 4599 Momoniensiuut·
1938 4594 1941 4601 ,
2005 4600 2008 4605 ,

279 4666 366 4716 cum
384 4641 529 4715 duobus
560 4640 737 4732 O’Brieis,
769 4642 790 4714 i.
809 4667 839 4716 e.
872 4643 1018 4719 duobus
1043 4643 1180 4730 futuris
1198 4645 1365 4745 Regibus
1384 4645 1592 4735 Desiorum,
1622 4655 1672 4738 et
1700 4669 1788 4719 cum
1804 4645 1852 4719 0⁹
1929 4626 1931 4632 ¹

276 4764 419 4853 Falveo‚
458 4763 479 4837 i.
500 4788 529 4837 e.
551 4762 679 4838 futuro
700 4765 801 4864 Rege
825 4766 1107 4859 Corcoduvniae‚
1153 4781 1192 4846 et
1208 4770 1379 4865 vicerege
1397 4766 1581 4865 Lagania,
1617 4766 1682 4842 ie.
1704 4791 1791 4847 cum
1805 4767 1855 4843 0·

1021 4888 1116 4941 assa
1375 4887 1379 4892 ·
