4446 6000
744 521 1006 589 nsnsnns
1036 519 1441 586 unrorrnnsns.
1807 488 1872 592 9-1

307 704 505 805 Jugulatio
523 700 717 801 Murgusa
750 702 815 776 filii
835 705 1013 794 Arrluairr,
1050 703 1208 777 itoiloin.
1240 699 1358 805 [apud
1377 695 1665 793 collescirculi]
1699 694 1877 771 For'rddbe

305 830 475 906 Corcuim
493 827 627 901 druaid
638 829 705 900 don
721 826 826 899 Deis.
877 826 1065 921 [Vastatio
1091 826 1252 925 regionis
1272 825 1435 899 Corcum
1453 822 1640 896 Druidum
1655 821 1767 895 hodie
1784 822 1877 898 Cor·

303 975 444 1026 cumroe
460 975 524 1049 per
545 950 704 1043 Desios.]
750 949 830 1024 Lex
849 950 1001 1025 Ciaraiu
1028 949 1094 1022 filii
1117 949 1294 1039 Artificis,
1325 961 1364 1024 et
1387 949 1450 1023 lex
1481 947 1670 1023 Brendaio
1705 945 1814 1019 simirl
1840 946 1878 1020 la

303 1077 406 1173 [cum
427 1072 524 1171 lege]
542 1073 684 1170 Fergus
701 1098 755 1149 mc
774 1073 919 1168 Cellaig
931 1073 1114 1168 sapientis.
1137 1075 1200 1172 (1)

300 1201 370 1279 flu.
397 1197 474 1276 ffltt
490 1201 526 1282 11
542 1198 594 1274 tt.
622 1195 668 1268 In
686 1210 799 1269 nocte
814 1194 964 1291 signum
978 1195 1153 1271 horribile
1163 1211 1201 1271 et
1218 1197 1383 1271 mirabile
1400 1198 1523 1272 visum
1540 1197 1648 1271 estin
1663 1194 1789 1268 stellis.
1809 1190 1871 1288 (2)

302 1323 476 1397 Foranan
498 1319 624 1392 Abbas
649 1318 771 1394 Cliton
799 1318 934 1391 Iraird
966 1317 1068 1408 obiit,
1106 1331 1145 1394 et
1179 1320 1326 1417 congus
1346 1321 1515 1395 ancorita
1541 1322 1686 1395 Cluana
1710 1318 1876 1404 tibrinne

302 1444 501 1521 Commune
516 1441 751 1537 apamaenaig
764 1438 890 1515 Abbas
907 1441 1022 1515 Lnine
1036 1442 1145 1516 Leire
1158 1459 1326 1516 mortuus
1336 1455 1400 1517 est.
1457 1442 1601 1516 Bellum
1616 1443 1714 1516 inter
1727 1452 1879 1539 nepotes

302 1568 451 1642 Tuirtrr'
468 1590 552 1639 ocus
569 1588 618 1637 no
634 1564 812 1638 hiarteru.
841 1567 894 1659 [et
912 1563 1207 1658 occidentales]
1230 1564 1374 1661 Congol
1389 1588 1443 1638 mc
1456 1564 1594 1661 Eignic
1607 1565 1729 1638 victor·
1742 1561 1825 1651 fuit,
1842 1572 1883 1636 et

302 1692 541 1789 Cu-Congalt
561 1690 658 1762 filius
676 1687 821 1786 nepotis
845 1687 1049 1784 Catiasaig
1065 1686 1251 1785 fugitivus
1282 1688 1409 1777 evasit,
1446 1699 1484 1759 et
1502 1687 1640 1761 cecidit
1663 1688 1808 1761 Bocoill
1826 1711 1882 1761 mc

305 1816 516 1904 Concoboir,
544 1827 582 1887 et
600 1815 711 1887 Ailr'll
737 1838 850 1912 nepos
876 1811 1114 1909 Cothosaiglr.
1166 1813 1282 1886 Imrr's
1299 1812 1386 1884 ittir
1404 1811 1563 1885 dadabul
1589 1811 1769 1910 [praelium
1785 1812 1882 1885 inter

304 1941 398 2014 duos
413 1937 632 2031 Dabtrulr'os]
650 1949 796 2034 gestum
814 1947 880 2010 est.
933 1935 1038 2009 Mors
1058 1931 1398 2031 Conaillfoltcdrin
1429 1932 1593 2031 [Conalli
1614 1935 1745 2033 capitis
1777 1933 1882 2034 spissi

305 2042 481 2157 caesariei]
526 2060 654 2136 scribe.
722 2061 827 2134 Mors
860 2056 1035 2157 Cimfirel
1065 2057 1244 2157 principis
1274 2058 1418 2132 Dromo
1449 2059 1599 2133 cuilinn.
1680 2058 1786 2132 Mors
1814 2058 1883 2132 filii

304 2184 556 2286 Imffertcrigse
586 2183 745 2257 Abbatis
778 2183 856 2279 tige
887 2182 1004 2255 Taille
1034 2181 1182 2278 [domus
1210 2179 1378 2273 Taillei]
1934 2184 1937 2189 ’

304 2312 375 2389 fin.
402 2307 479 2385 mtt
496 2310 531 2391 r!
549 2314 585 2417 tr.
639 2302 867 2378 Dornritatio
885 2302 1052 2379 Cormaic
1073 2305 1175 2378 Atto
1204 2306 1329 2378 Trur'm
1369 2304 1472 2397 [vadi
1499 2304 1730 2400 Trimensis.]
1788 2304 1884 2379 Dra·

306 2458 418 2508 eones
440 2434 478 2505 in
508 2428 588 2505 celo
611 2430 797 2530 visisunt.
852 2427 957 2507 Mors
991 2429 1159 2501 Beacaill
1184 2428 1429 2502 Arddaclraid.
1482 2429 1534 2502 In
1567 2429 1686 2503 tor'tim
1714 2430 1885 2528 [strages]

304 2553 639 2655 Dangailleseille,
660 2568 700 2628 et
718 2554 961 2651 Morcertaig
977 2553 1027 2625 fil.
1049 2553 1208 2642 Catlror'l,
1236 2552 1450 2627 Comrracrrii
1473 2553 1699 2628 ceciderunt.
1744 2553 1885 2651 Forgus

304 2679 429 2753 victus
448 2677 575 2751 evasit.
595 2678 657 2773 (3)
710 2677 772 2748 Ar
785 2675 824 2747 1ιὶ
844 2676 966 2749 briain
986 2677 1025 2748 in
1051 2676 1209 2749 deiscr'rd
1222 2679 1259 2750 la
1280 2675 1433 2772 Pergus.
1464 2676 1603 2772 [clades
1615 2675 1884 2754 O'Brienorum

307 2801 536 2875 Australium
557 2797 800 2899 aFerguxsio]
835 2795 897 2891 (4)
952 2797 1057 2873 Mors
1076 2792 1351 2895 Maeleansar'tlr
1367 2797 1462 2872 Cille
1478 2800 1631 2872 achoidls
1645 2798 1881 2900 Dromasota.

311 2923 556 3020 [n-ralanfathi
579 2921 737 2995 Abbatis
766 2919 989 2992 Monasterii
1013 2917 1184 2990 Planitiei
1203 2918 1349 2992 Montis
1379 2920 1512 3015 longi]
1562 2922 1702 3019 Fingol
1722 2924 1887 2999 Lismoer

310 3041 767 3142 [Fingall-Lismorensis.]
871 3040 974 3113 Mors
1008 3040 1316 3115 Duibdabairenn
1346 3041 1491 3140 nepotis
1521 3043 1691 3134 Beccairr,
1728 3046 1886 3122 Abbatis

307 3170 453 3244 Cluana
478 3168 565 3240 avis.
604 3165 709 3237 Mors
725 3164 898 3260 Oengusa
916 3162 982 3234 filii
997 3164 1133 3262 Tipriti
1149 3164 1306 3237 Abbatis
1321 3165 1464 3241 Cluana
1475 3163 1574 3266 soto,
1595 3181 1633 3240 et
1658 3168 1887 3269 Gall-trogi

305 3291 431 3364 Abbas
448 3287 594 3364 Glaisse
608 3290 709 3363 noide
725 3287 892 3362 moritur.
949 3285 1054 3359 Mors
1068 3285 1334 3384 Seaclrnusoiglr
1345 3312 1400 3361 mc
1418 3288 1582 3386 Colggen
1596 3292 1691 3389 regis
1706 3308 1885 3392 nepotum

307 3412 540 3489 Censellacdr'.
595 3410 719 3508 Sarug
736 3409 973 3507 Dominoiglr
986 3408 1195 3507 pindraicc.
1219 3410 1276 3483 VI
1293 3411 1440 3484 cinmidr‘
1458 3414 1571 3487 cruci.
1616 3415 1799 3510 [Violatio
1817 3419 1890 3494 Ec·

308 3535 428 3608 clesiae
447 3534 667 3632 Dunpatric.
685 3536 756 3609 Sex
774 3533 1030 3632 primariorum
1049 3532 1179 3608 Midiae
1198 3531 1391 3631 suspensi]

308 3661 378 3735 fin.
405 3656 481 3733 ὦτί
497 3662 532 3741 ri
551 3661 603 3735 rr.
657 3657 739 3731 Kal.
760 3657 846 3730 Jan.
865 3657 886 3730 i.
906 3652 971 3728 fer.
987 3656 1064 3729 lun.
1076 3683 1113 3730 x.
1174 3655 1279 3728 Mors
1312 3658 1423 3732 Abeil
1445 3659 1605 3736 Abbatis
1631 3666 1880 3765 Imleclro-feo.

304 3779 408 3851 Mors
418 3781 623 3852 Moredaid
635 3782 732 3853 mimz
747 3779 874 3876 [parvi
893 3803 957 3852 seu
965 3778 1129 3875 gracilis]
1146 3780 1242 3876 regis
1258 3794 1437 3876 nepotum
1447 3781 1558 3856 Meit.
1587 3783 1742 3859 Cornan
1756 3792 1885 3885 glirrrre

308 3901 434 4003 Abbas
452 3902 671 3996 Moigi·bile
694 3902 861 3973 moritur.
901 3902 1005 3975 Aedk
1022 3905 1199 4000 morrderg
1216 3903 1312 3998 [ned
1330 3903 1466 3999 Rufus]
1489 3906 1586 3979 filius
1605 3907 1887 3988 Flatlibertoiclr

309 4219 351 4288 (1)
373 4218 440 4273 Post
460 4220 479 4248 “
495 4214 602 4292 Fergrrs
612 4234 654 4272 mc
667 4212 791 4290 Cellar'g”
814 4213 1027 4273 Cod.Clarend.
1044 4225 1084 4285 49
1097 4217 1185 4275 habet
1211 4221 1230 4250 ‘⁸
1246 4217 1327 4273 Mors
1340 4217 1463 4292 rergusa
1476 4238 1523 4276 mc
1537 4221 1669 4281 Colmnin
1682 4228 1886 4302 sapientis.''—-

309 4313 335 4368 V
338 4313 383 4368 ide
393 4330 456 4386 quae
471 4313 506 4369 de
517 4311 626 4385 legibus
635 4311 713 4369 dicto
725 4312 836 4369 suntad
852 4328 918 4368 nnn.
929 4314 999 4380 74¹2,
1020 4316 1090 4380 747,
1100 4323 1129 4369 et
1139 4315 1209 4375 777.

306 4409 352 4479 (2)
376 4414 395 4440 “
417 4407 481 4463 Her
502 4415 628 4465 steorrarr
639 4406 732 4484 joran
749 4407 799 4484 slcy
821 4406 1005 4471 decorando,
1047 4408 1128 4485 [Hoc
1149 4426 1224 4468 anno
1239 4406 1334 4464 stellae
1353 4405 1384 4466 in
1404 4409 1475 4467 caelo
1493 4410 1652 4489 frequentes
1675 4410 1884 4496 decideram]

310 4500 413 4559 Chrorr.
424 4501 524 4559 Soron.
534 4522 601 4561 nnn.
614 4509 683 4566 744.

308 4599 354 4667 (3)
377 4602 397 4628 ‘⁶
412 4597 529 4654 Victor”
542 4599 615 4655 Cod.
628 4600 762 4657 Clarend.
777 4606 827 4669 49.

309 4692 353 4765 (4)
373 4695 392 4722 “
408 4691 491 4764 Apud
506 4691 635 4755 Descrt.''
674 4694 746 4753 Cod.
761 4694 941 4763 Clarend49.
983 4696 1036 4753 Sed
1050 4695 1194 4766 mendose,
1207 4715 1263 4752 vox
1272 4697 1346 4753 eninr
1363 4697 1517 4755 Hibernice
1541 4696 1708 4752 “demoti''
1732 4700 1886 4762 australem

311 4784 460 4860 significat·
485 4785 555 4840 Haec
569 4786 665 4844 etalio
678 4789 810 4863 plurima,
822 4810 885 4864 quae
907 4791 935 4847 in
946 4791 1052 4848 Codice
1068 4792 1204 4866 praedicto
1218 4810 1331 4865 prorsus
1346 4792 1480 4847 mendose
1491 4800 1567 4858 sunt,
1582 4808 1782 4849 ernarruensem
1805 4796 1885 4856 istius

311 4880 426 4947 Codicis
437 4879 540 4961 linguas
553 4881 718 4946 liiberrricae
728 4904 843 4962 prorsus
857 4885 987 4958 ignorum
1001 4887 1205 4947 demonstrent.
1241 4885 1383 4957 Quaednnr
1394 4884 1480 4942 etism
1498 4885 1624 4963 produnt
1639 4885 1886 4966 interpolatorem.

824 4976 850 5027 U
862 4982 878 5028 θ
