4446 6000
749 553 1011 639 Anninus
1042 551 1443 620 unuoumusns.
1802 528 1901 635 109

316 738 518 814 modhmain
534 761 571 812 re
589 735 754 835 Colggen
766 762 821 810 mc
834 731 1301 832 Celluigsosunolsiarteru,
1320 731 1507 828 [Praelium
1519 730 1902 812 Domadhmanensea

321 862 493 961 Colgano
512 862 589 934 filio
608 860 767 962 Cellagii
786 872 918 934 contra
933 855 1224 946 Occidentales‚]
1242 855 1307 928 ubi
1339 854 1557 929 ceciderunt
1577 859 1686 932 multi
1707 861 1898 960 ignobiles.

319 984 433 1082 Elpin
452 1010 517 1059 rex
541 984 731 1059 Saxonum
748 982 912 1056 moritur.
935 979 990 1076 (l)
1026 979 1087 1051 M.
1108 980 1247 1052 Leinne
1262 979 1334 1051 Ab.
1357 981 1458 1051 iunse
1483 978 1648 1051 Bairenn
1663 981 1899 1076 [Monosterii

316 1106 455 1181 Insulae
475 1106 648 1199 Bairenn]
664 1105 766 1180 obiit.
802 1105 906 1201 Fuga
918 1104 1090 1177 Ruudroi
1106 1127 1128 1174 α
1145 1115 1253 1177 octor
1270 1101 1411 1188 Ochum
1430 1101 1608 1199 7Coirpri
1625 1126 1680 1174 mc
1697 1104 1902 1202 Laidgues'ss

317 1254 404 1302 cum
423 1228 568 1303 duobus
585 1227 782 1327 generibus
807 1209 940 1323 Lugio.
986 1225 1171 1298 Doni-hod
1185 1239 1396 1323 persecutus
1414 1237 1471 1296 est
1504 1247 1566 1296 eos
1584 1248 1668 1296 cum
1687 1226 1763 1298 suis
1780 1226 1901 1300 sociis.

317 1352 561 1448 vastavitque,
581 1366 619 1425 et
637 1348 842 1423 combussit
855 1348 947 1420 fines
965 1372 1091 1421 eorum
1110 1360 1148 1420 et
1166 1348 1365 1424 Ecclesias,
1420 1347 1505 1421 Nix
1522 1372 1660 1444 magna
1684 1348 1723 1420 in
1747 1349 1902 1448 Aprilio.

317 1474 461 1571 Ferguc
493 1474 631 1570 moigki
654 1472 806 1570 [campi]
828 1470 969 1544 Domai
986 1469 1151 1542 moritur.
1205 1468 1386 1566 Forhfloit
1404 1472 1451 1542 in.
1471 1471 1602 1544 Conloi
1635 1471 1796 1566 [Forbssa
1829 1473 1905 1547 filia

321 1595 726 1689 Conlae]Dominat1·ix
746 1595 867 1668 Cluen
884 1593 1076 1688 Brouaigis
1094 1591 1259 1664 moritur.
1312 1590 1505 1688 Augustin
1524 1590 1759 1680 Bennchairi,
1779 1590 1903 1673 7Sed·

315 1719 406 1792 rocla
419 1743 474 1791 mc
487 1718 692 1807 oubartain,
713 1729 736 1797 7
755 1716 960 1791 Nadarcku
978 1712 1122 1811 sapiens
1139 1738 1227 1786 mor.
1248 1724 1292 1785 st.
1338 1711 1804 1809 CongressioSinodorum
1823 1716 1903 1788 Ne·

316 1855 445 1940 potum
464 1841 568 1915 Neill
584 1853 607 1921 7
625 1841 875 1937 Logiuensum
894 1839 932 1910 in
948 1836 1087 1937 oppido
1104 1838 1240 1925 Temno,
1261 1835 1325 1908 ubi
1343 1832 1497 1907 fuerunt
1515 1834 1650 1922 Scribe,
1669 1847 1708 1908 et
1722 1837 1903 1912 Ancorite

312 1964 433 2054 multi,
469 1964 605 2060 quibus
637 1963 717 2035 dux
741 1973 818 2035 erat
841 1959 1048 2034 Dublitter.
1078 1960 1174 2035 Moe
1192 1959 1273 2033 Nio
1300 1981 1355 2032 mc
1372 1957 1518 2056 Celloig
1533 1957 1605 2030 Ab.
1626 1956 1903 2057 Duinletgluiss

314 2088 465 2185 quievit.
522 2085 601 2158 Lex
620 2084 735 2158 tercia
752 2083 948 2172 Commoin,
970 2094 993 2162 7
1009 2082 1153 2156 Aedain
1171 2082 1314 2180 incipit.
1337 2081 1399 2181 (2)
1897 2106 1902 2121 ·

271 2253 275 2260 ·
316 2215 385 2292 fin.
411 2210 489 2290 met
506 2214 597 2295 1777.
649 2206 879 2304 Dangalacli
913 2229 967 2280 mc
995 2204 1172 2300 Congaile
1201 2207 1369 2281 moritur.
1424 2206 1570 2307 Magna
1601 2207 1823 2282 commixtio
1855 2208 1896 2281 in

315 2333 526 2407 Ardmoclia
544 2331 583 2403 in
602 2326 919 2426 quinquagesima,
940 2326 980 2399 in
999 2353 1073 2424 qua
1090 2328 1229 2402 cecidit
1252 2328 1437 2405 Condalae
1465 2353 1543 2403 moe
1560 2328 1709 2402 Ailello.
1763 2326 1902 2402 Sencon

220 2462 234 2493 ·
313 2455 384 2529 Ab.
405 2453 587 2530 Imlecheo
600 2452 718 2542 Ibair,
739 2460 763 2532 7
791 2450 891 2527 Orac
924 2450 996 2524 Ab.
1015 2450 1186 2542 Lismoer,
1207 2451 1333 2527 Abbas
1350 2454 1463 2526 Innse
1480 2453 1638 2541 Daimle,
1666 2451 1901 2547 [Monasterii

316 2579 453 2651 Insulae
470 2574 783 2668 Daimliacensis,]
810 2586 833 2654 7
849 2573 1013 2670 Faergul
1029 2574 1100 2649 hue
1116 2574 1337 2674 Edairngne
1352 2574 1424 2650 Ab.
1439 2576 1585 2650 Cluana
1596 2572 1712 2649 Ferte
1729 2575 1897 2668 Moluae,

313 2711 338 2781 7
358 2700 619 2774 Dubinnreclst
654 2721 733 2772 mae
749 2697 919 2795 Fergusa
952 2697 1022 2770 Ab.
1043 2696 1228 2787 Fernann,
1261 2707 1286 2777 7
1305 2698 1503 2798 Ailngnad
1528 2697 1604 2799 Eps
1624 2690 1898 2789 Airdbrec'cain

314 2833 339 2903 7
357 2821 515 2896 Moenoc
546 2818 752 2915 h.Monaig
770 2818 841 2891 Ab.
858 2818 1001 2892 Lainne
1017 2818 1135 2907 Leire,
1168 2830 1190 2899 7
1210 2820 1342 2895 Feetac
1359 2820 1431 2893 Ab.
1444 2820 1587 2912 Fobnir,
1620 2834 1647 2905 7
1671 2820 1820 2923 Cotggu
1844 2847 1899 2899 mc

315 2943 459 3041 Cellaig
477 2944 513 3017 rs'
529 2944 567 3015 lu'
580 2939 804 3034 Cremtainsn
824 2941 905 3037 [rex
919 2939 1081 3038 regionis
1100 2939 1432 3038 Crimthanorum,]
1444 2952 1468 3024 7
1479 2945 1642 3019 'As'lbrcm
1659 2945 1693 3018 Is.
1707 2944 1897 3044 lagadun,

314 3064 386 3138 Ab.
414 3064 559 3139 Cluana
583 3063 753 3152 Dolcoin,
791 3063 839 3140 N
839 3064 933 3136 uada
952 3063 985 3136 11.
1004 3063 1159 3138 Boleoin
1174 3064 1246 3139 Ab.
1266 3065 1420 3140 Tomitae
1436 3062 1626 3156 Daolanu,
1664 3065 1830 3163 Dungol
1844 3088 1900 3140 mc

316 3187 531 3262 Fluithniad
545 3211 611 3260 rex
627 3187 661 3260 Ιι.
675 3187 788 3278 Mau,
806 3185 962 3284 Soergol
977 3185 1011 3260 h.
1029 3186 1156 3261 Camil
1167 3189 1316 3287 sopiens,
1338 3191 1485 3289 Ferguc
1502 3215 1557 3265 mc
1574 3190 1728 3265 Echecli
1754 3189 1783 3263 ri
1800 3188 1898 3264 Dol-

313 3314 415 3402 riati,
436 3335 563 3386 omnes
580 3310 752 3386 defuncti
770 3323 815 3385 st.
838 3309 900 3406 (3)
938 3310 1018 3384 Bel.
1039 3311 1142 3408 Rige
1158 3308 1371 3411 resen-aihu
1403 3314 1517 3411 Breg.
1540 3310 1617 3412 for
1646 3315 1810 3412 Luigniu
1845 3315 1901 3388 die

313 3432 473 3523 Somnoe,
507 3435 693 3531 [Praelium
723 3432 843 3530 Rigiae
876 3432 924 3506 ab
941 3432 1073 3507 incolis
1092 3432 1234 3531 Bregiae
1266 3446 1397 3509 contra
1422 3436 1671 3536 Lagenienses
1706 3439 1767 3513 die
1797 3436 1900 3514 Som-

315 3558 377 3631 lu‘n
395 3574 541 3656 gestum
569 3558 654 3651 est‚]
680 3558 718 3630 iu
747 3581 822 3654 quo
840 3555 979 3631 cecidit
1002 3555 1060 3631 Cu
1079 3554 1241 3653 Congalt
1257 3559 1294 3630 ri
1312 3558 1438 3633 Ratio
1465 3561 1535 3633 inb.
1562 3560 1662 3656 [Rex
1695 3563 1800 3652 arcis,
1837 3586 1901 3637 seu

317 3680 550 3756 Munimenti
568 3681 740 3769 fluminis,
759 3681 852 3754 dicti
872 3678 1106 3773 Bathinum]
1139 3680 1334 3753 Diarmoit
1350 3705 1405 3754 mc
1423 3680 1599 3777 Conaing,
1619 3692 1644 3762 7
1662 3682 1827 3782 Conoing
1844 3709 1899 3759 mc

322 3802 531 3897 Dungaile,
551 3806 597 3876 da
615 3829 664 3875 ua
682 3802 850 3898 Conuing
864 3802 988 3896 [ambo
1008 3800 1228 3899 Conangii]
1246 3811 1269 3881 7
1290 3803 1486 3875 Maelduin
1504 3826 1560 3875 mc
1576 3801 1756 3899 Fugam,
1777 3813 1802 3882 7
1824 3802 1896 3875 Fo-

314 3923 476 4021 gartach
493 3949 548 3996 mc
576 3924 808 4019 Cumasgaid,
836 3924 911 3996 duo
939 3935 1089 4021 nepotes
1121 3922 1294 4019 Cernaig,
1330 3922 1491 3996 victores
1515 3935 1619 3996 erant
1635 3924 1721 3997 belli
1740 3926 1896 4021 Rigi-

317 4046 482 4122 Eicnech
512 4070 567 4119 mc
595 4045 794 4142 Eictenaig
821 4045 1042 4141 equonimus
1061 4044 1274 4134 Doimliace
1312 4057 1337 4127 7
1369 4045 1428 4121 Cu
1453 4048 1613 4121 dinaiscc
1645 4047 1679 4122 7.
1702 4045 1896 4147 Cia'ras'glss'

320 4168 459 4244 mortui
475 4178 576 4241 sunt.

317 4489 360 4562 (l)
380 4488 452 4564 Iege
471 4492 491 4521 ‘⁸
508 4488 571 4545 Rex
583 4483 758 4543 Pictorum.''
779 4484 848 4543 vid.
863 4485 977 4542 Fordun
992 4485 1172 4545 Scotichron.
1188 4486 1207 4544 1.
1217 4493 1248 4554 4,
1263 4503 1290 4543 c.
1301 4491 1348 4555 12,
1359 4504 1388 4561 p.
1402 4490 1469 4554 189.

316 4585 364 4655 (7)
386 4584 461 4642 Vide
485 4601 548 4658 quae
568 4584 603 4639 de
624 4579 743 4653 Legibus
757 4579 777 4639 i.
786 4598 813 4638 e.
842 4581 958 4657 Regulis
983 4582 1152 4640 Monosticis
1181 4582 1376 4640 Hibernorum
1405 4580 1484 4640 dicto
1508 4587 1577 4640 sunt
1600 4597 1685 4658 supra
1710 4577 1835 4639 innotis
1857 4579 1895 4638 ud

320 4682 489 4746 ennos742,
504 4683 574 4743 747,
588 4672 660 4743 766,
672 4680 744 4745 777,
765 4687 795 4734 et
805 4675 878 4734 infra
890 4677 927 4734 ud
940 4696 1009 4738 nnn.
1024 4682 1093 4738 805.

321 4772 372 4842 (3)
394 4770 470 4828 Vide
485 4790 547 4847 quae
561 4773 596 4828 de
610 4773 719 4848 Regum
742 4773 937 4832 Hibemorum
963 4774 1096 4837 Albcniae
1117 4773 1345 4837 successionibus
1368 4770 1447 4831 dictu
1468 4776 1535 4828 sunt
1556 4768 1586 4827 in
1606 4767 1893 4843 notissimum,

319 4868 391 4940 785,
401 4868 472 4939 740,
485 4869 557 4940 777,
576 4879 606 4922 et
624 4865 699 4926 iussa
713 4868 750 4928 sd
763 4886 830 4928 anu.
841 4873 911 4937 789.
