4446 6000
324 489 422 584 100
772 513 1031 580 annaeus
1062 511 1461 585 aaronruusns.

316 695 475 772 Abbatis
501 694 647 772 Fernan
667 693 902 793 [Fanensis]
953 694 1058 770 Mors
1082 693 1297 795 Affacllrain
1326 697 1482 773 Abbatis
1500 695 1779 775 Linaalaaaltail.
1824 678 1898 780 Sol

312 820 532 895 tenebrosus
551 821 587 893 in
615 818 704 892 hora
724 819 833 893 tertia
855 819 945 894 diei.⁴
963 818 1025 916 (l)
1079 817 1184 893 Mors
1206 819 1340 893 Flar'nn
1361 821 1486 917 garad
1511 822 1608 920 regis
1632 825 1889 922 generationis

313 967 373 1016 mc
390 943 491 1016 Erce
505 945 553 1016 da
576 955 655 1017 ceta
672 940 795 1016 lotari.
831 938 1001 1037 [occisia
1031 938 1343 1036 Lotlrriensibus]
1394 943 1541 1042 Strages
1571 947 1747 1044 Cuilnigc
1776 949 1887 1025 moire

314 1066 471 1166 [magni]
487 1066 550 1139 ubi
568 1065 829 1142 Coaaclrtcnser
845 1061 1016 1161 prostrati
1034 1076 1131 1135 sunt.
1168 1062 1311 1136 Bellum
1328 1064 1444 1137 litter
1457 1066 1585 1161 [inter]
1601 1067 1635 1140 Ιι.
1650 1071 1822 1166 litiganti
1849 1085 1890 1147 et

317 1189 570 1278 Carcomrudlr,
587 1202 625 1264 et
643 1187 921 1276 Corcobar'rcinc,
941 1166 1084 1261 Bruillc
1114 1207 1178 1256 rex
1196 1184 1357 1259 Fortren
1372 1185 1469 1282 [Rex
1488 1185 1679 1265 Pictorum
1697 1192 1884 1293 Albaniae]

316 1309 480 1384 moritur.
534 1311 582 1386 N
581 1309 794 1410 iallfrasacl
808 1332 961 1407 regnare
977 1307 1122 1407 incipit

313 1437 382 1513 aa.
409 1431 605 1519 multitia
656 1434 740 1508 Nix
769 1458 907 1532 magna
922 1431 1041 1505 tribus
1055 1429 1132 1504 fere
1146 1427 1346 1503 mensibus.
1401 1429 1519 1514 Quies
1552 1433 1701 1510 Ranain
1730 1436 1888 1514 Abbatis

314 1555 459 1631 Cluana
476 1582 555 1634 mac
570 1559 657 1633 noir.
712 1557 818 1631 Mors
834 1556 1004 1632 Cormaic
1029 1553 1097 1627 filii
1120 1554 1257 1627 Ailello
1289 1551 1448 1626 Abbatis
1471 1553 1724 1633 Mainirtreclr
1748 1560 1888 1637 Baitti.

318 1677 555 1773 [Monasterii
570 1679 770 1771 Butensis.]
788 1679 918 1752 Arcalt
934 1700 1011 1750 mor
1031 1674 1253 1771 [mortalitas
1270 1686 1520 1747 armentorum
1538 1679 1689 1776 magna]
1706 1693 1745 1755 et
1762 1680 1888 1761 fames.

312 1799 418 1875 Mors
436 1801 645 1898 Dubdeilgc
661 1802 846 1900 sapientis.
901 1799 1045 1874 Bellum
1063 1797 1299 1895 Arggamar'n
1329 1795 1426 1870 inter
1442 1795 1622 1872 familiam
1644 1801 1788 1877 Cluana
1813 1829 1895 1882 mac

312 1922 390 1995 noir
405 1932 444 1995 et
458 1920 655 2019 Dermaigr'
668 1922 870 2019 [Durrow.]
885 1922 949 1996 ubi
966 1921 1105 1997 cecidit
1126 1921 1330 1995 Diamaid
1341 1920 1414 1993 dub
1437 1920 1577 2018 [niger]
1594 1946 1650 1997 mc
1664 1922 1888 2017 Domlrrrar'll,

314 2058 353 2119 et
369 2044 514 2143 Diglac
527 2071 582 2121 rac
598 2047 780 2134 Daiblr'ss,
799 2059 837 2119 et
856 2043 923 2119 CC
945 2043 1015 2117 viri
1031 2044 1079 2117 de
1095 2041 1235 2117 familia
1251 2044 1459 2142 Dermaigi,
1481 2045 1616 2120 Bresal
1628 2070 1705 2122 mac
1722 2047 1891 2124 Murena

315 2165 438 2240 victor
453 2165 537 2257 fuit,
565 2193 651 2247 cum
680 2167 819 2242 familia
834 2168 980 2244 Cluana
1002 2192 1079 2241 mac
1102 2169 1187 2241 noir.
1242 2167 1397 2241 Siccitas
1425 2189 1564 2265 magna
1594 2169 1690 2241 ultra
1720 2169 1887 2247 modum.

315 2290 427 2365 Ailill
438 2315 516 2367 mac
532 2292 676 2367 Tuatla
690 2317 714 2366 a
729 2292 987 2368 aoadaaclaada
1008 2288 1287 2387 [o’Doncbada]
1306 2313 1373 2364 rex
1384 2289 1573 2366 Connackr
1583 2291 1750 2368 moritur.
1779 2293 1892 2374 Scan·

313 2416 377 2487 Ian
395 2413 534 2489 Fauian
556 2415 652 2490 filius
671 2416 851 2515 Acdgailc
871 2415 1038 2489 moritur.
1093 2413 1217 2487 Rata
1233 2410 1329 2512 sola
1358 2413 1496 2508 [fluxus
1521 2416 1731 2514 sanguinis]
1755 2419 1895 2497 intuta

313 2536 505 2611 Hibernia.
559 2537 583 2613 J
588 2539 761 2637 ugulatio
778 2540 952 2614 Brcasail
974 2562 1052 2612 mac
1068 2537 1243 2612 Marcia.
1291 2535 1435 2609 Bellum
1455 2536 1560 2611 Daa'a
1578 2539 1665 2645 Bilc
1680 2564 1721 2612 re
1737 2542 1895 2619 Doaclra

311 2658 466 2757 sorfiru
477 2662 605 2736 Telaclr
620 2661 743 2758 [Arcis
753 2660 892 2735 arboris
909 2659 1201 2735 Monumentarii
1219 2659 1374 2755 antiqui,
1394 2685 1418 2732 a
1429 2659 1630 2735 Doncbado
1645 2676 1778 2738 contra
1793 2665 1894 2741 viros

311 2784 481 2879 Telach.]
531 2785 635 2861 Mors
653 2785 857 2860 Fiaclrraclr
873 2782 939 2857 lilii
953 2782 1090 2858 Forata
1102 2782 1259 2855 Abbatis
1277 2783 1432 2872 Baslice,
1463 2783 1656 2858 Marclad
1679 2809 1758 2860 mac
1774 2788 1893 2862 Mur·

315 2905 758 3008 rcclrtaig.....Trisroraa
775 2903 979 3008 dosertain
995 2906 1129 2981 iccriclr
1147 2904 1344 2981 Muredar'a
1362 2906 1399 2979 in
1420 2908 1516 2980 lanis
1533 2907 1711 3006 Euglain
1729 2913 1767 2983 ·r'·
1784 2910 1897 3008 fraer

258 3102 261 3107 .
315 3035 359 3107 do
401 3047 518 3130 argut
545 3032 637 3130 giril,
658 3055 743 3107 ocur
759 3027 871 3130 srora
901 3033 944 3105 do
960 3029 1205 3118 craitniuclrt,
1225 3038 1248 3109 7
1269 3027 1379 3126 frore
1408 3034 1450 3104 do
1482 3034 1556 3106 mil.
1628 3035 1732 3129 [Tres
1758 3034 1894 3131 pluviae

314 3153 543 3230 miraculosae
585 3155 625 3228 in
656 3155 807 3253 regione
842 3153 1043 3252 Muredaig
1083 3153 1122 3225 in
1156 3135 1344 3244 Innisoen‚
1391 3154 1519 3251 pluvia
1549 3155 1694 3254 argenti
1724 3156 1809 3247 albi,
1853 3168 1892 3231 ct

249 3264 256 3273 ’
314 3278 442 3375 pluvia
483 3277 612 3363 tritici,
632 3291 671 3352 et
700 3277 827 3377 pluvia
842 3275 991 3369 mellis]

228 3384 233 3393 ¹
316 3402 386 3479 fla.
413 3399 490 3476 bn
506 3404 542 3483 lt
557 3401 610 3479 lb.
661 3402 709 3476 In
728 3411 840 3475 nocte
857 3401 1008 3498 signum
1039 3397 1224 3491 horribile,
1262 3409 1300 3475 et
1315 3399 1484 3475 mirabile
1501 3400 1538 3474 in
1555 3403 1672 3478 stellis
1687 3404 1808 3478 visum
1824 3415 1891 3479 est.
1970 3403 1973 3407 ’

316 3521 422 3596 Mors
437 3522 710 3618 Flaitlrbertaig
727 3521 793 3594 filii
808 3522 980 3618 Loingsic
1010 3521 1107 3618 regis
1133 3523 1302 3599 Temoric
1324 3525 1363 3598 in
1392 3525 1581 3599 clericatu.
1637 3527 1754 3610 Quies
1788 3526 1895 3600 Talai

316 3643 576 3718 Arabreccain.
630 3643 654 3718 J
659 3645 828 3742 ugulatio
842 3645 976 3720 Saibnc
995 3644 1060 3719 filii
1084 3646 1248 3722 Murcia
1265 3672 1350 3721 cunr
1366 3646 1514 3721 duobus
1531 3648 1616 3720 filiis
1631 3647 1716 3721 suis.
1748 3645 1894 3720 Bellum

317 3768 433 3843 Cairn
452 3766 655 3840 Fiaclrraclr
671 3766 766 3841 inter
781 3767 876 3842 duos
893 3767 988 3842 filios
1004 3767 1223 3844 Domlruaill
1241 3771 1275 3843 a'·
1289 3770 1500 3845 Donnclad
1511 3786 1548 3843 et
1563 3770 1789 3858 Murcladl,
1809 3768 1898 3845 Fal·

317 3891 436 3965 loman
459 3893 497 3966 la
515 3889 657 3981 Doncb,
677 3891 811 3987 Ailgal
826 3894 863 3965 la
881 3891 1033 3968 March.
1064 3893 1269 3989 [Falloman
1289 3917 1376 3966 curn
1408 3891 1629 3978 Donchado,
1663 3892 1776 3990 Algal
1812 3915 1898 3965 curn

316 4011 526 4088 Murchado
543 4011 755 4112 pugnavit]
806 4014 854 4088 In
872 4015 969 4090 bello
1004 4016 1141 4092 cecidit
1159 4017 1334 4106 Martha,
1368 4017 1500 4111 Ailgal
1530 4015 1569 4087 in
1602 4013 1735 4112 fugam
1769 4012 1895 4089 uersus

313 4150 379 4208 est.
460 4136 654 4211 Falacbtac
711 4136 836 4212 Abbas
870 4140 1048 4216 Biroram
1069 4139 1252 4214 wmoritur.
1307 4140 1432 4214 Loaru
1462 4138 1587 4211 Abbas
1619 4137 1744 4213 Cluan
1776 4135 1898 4214 Irard

320 4255 544 4350 [Cloonard]
588 4259 740 4353 quievit.
789 4261 940 4358 cell-bil
975 4265 1118 4340 Cluana
1150 4264 1312 4361 bronaig.
1366 4261 1546 4336 Defectus
1564 4261 1678 4358 panis.

311 4384 383 4462 fin.
412 4377 489 4456 aa
506 4382 540 4464 ir
557 4387 594 4458 b.
623 4381 848 4458 Dormitatio
868 4387 1111 4462 Craumtlrain
1126 4387 1283 4461 Abbatis
1296 4381 1569 4483 Cluanaserta.
1603 4383 1627 4459 J
1633 4381 1801 4480 ugulatio
1810 4378 1897 4454 Fol-
2040 4355 2044 4360 .

318 4508 451 4581 lamala
470 4505 536 4579 filii
555 4504 780 4599 Concongalt
804 4508 899 4608 regis
917 4510 1039 4584 Midie
1056 4512 1194 4586 dolose.
1251 4509 1396 4582 Bellum
1422 4509 1580 4584 Srutlrre
1613 4508 1687 4583 etir
1702 4506 1735 4580 Ιι.
1757 4503 1899 4579 Britain

327 4827 358 4897 1)
379 4825 429 4884 Sol
453 4827 557 4886 defecit
583 4846 661 4886 anno
682 4844 746 4884 aerae
760 4844 836 4885 com.
849 4822 920 4895 76³,
947 4827 993 4887 dic
1015 4827 1051 4890 16
1063 4828 1155 4896 Junii,
1175 4833 1195 4862 ‘⁴
1210 4848 1229 4886 a
1242 4835 1260 4887 3
1273 4827 1372 4898 metio,
1385 4827 1497 4904 Europe
1511 4847 1548 4885 au
1565 4829 1603 4886 N.
1615 4827 1668 4884 EJ’
1692 4825 1750 4886 Art
1763 4826 1798 4885 de
1809 4821 1845 4887 V.
1861 4824 1902 4882 lar

302 4919 400 4991 states,
415 4928 509 4998 t.1,p.
522 4918 571 4983 66.
582 4941 617 4982 nc
636 4921 791 5000 proindehi
803 4924 930 4986 Annales
941 4943 1025 4986 aerum
1039 4941 1221 4988 communem
1236 4932 1270 4983 ut
1282 4923 1342 4982 dixi
1367 4941 1425 4983 uuo
1439 4942 1516 4982 anuo
1525 4923 1705 4999 precedunt.
