4446 6000
672 565 963 644 ,susanna
1005 564 1405 635 uaroarsusns.
1774 547 1837 640 31

264 745 333 822 aa.
352 741 392 822 b
408 746 487 831 lm
503 745 582 823 arri.
625 742 707 817 Kal.
728 742 752 817 J
757 768 814 817 an.
832 742 894 817 vii.
913 742 979 819 fer.
1000 745 1263 832 iun.ix.Quiea
1281 746 1363 846 Epi.
1376 747 1504 822 Aedlm
1514 746 1577 844 fli.
1589 747 1709 831 Briec.
1735 747 1839 822 Aedis

262 894 318 943 mc
333 871 505 943 brendam
520 895 584 944 rex
604 868 726 943 tetbba
743 893 835 943 mor.
855 877 921 942 est.
972 866 1096 964 [Aedb
1115 869 1213 943 filius
1232 869 1427 960 Brendani,
1439 894 1504 945 rex
1518 870 1651 959 Teste,
1672 885 1844 944 mortuus
1894 886 1900 896 '

262 991 345 1086 est]
396 992 612 1091 Eodemque
627 1006 801 1093 ternpore,
821 1002 919 1067 estas
936 991 1077 1065 torrida
1091 1007 1129 1067 et
1143 995 1243 1068 sicca
1257 992 1339 1069 fuit.
1361 992 1419 1092 (1)

263 1115 332 1192 aa
358 1113 558 1203 mimir.
601 1118 682 1190 Kal.
696 1116 782 1191 Jan.
799 1115 820 1188 i.
840 1113 905 1188 fer.
926 1115 1004 1189 lun.
1023 1142 1088 1188 xx.
1153 1117 1257 1191 Mors
1285 1118 1527 1193 Feidtrimthe
1552 1141 1606 1192 mc
1638 1117 1674 1194 T
1670 1122 1839 1218 igerrraig
1916 1179 1920 1187 .

261 1239 358 1337 regis
376 1239 515 1315 Muan.
568 1240 643 1314 Bel.
661 1239 853 1313 Leitbreid
868 1240 1048 1314 maedan
1079 1263 1134 1313 mc
1157 1240 1325 1317 Gabrae.
1346 1243 1408 1339 (2)
1431 1245 1512 1318 Bel.
1533 1244 1670 1341 maigbi
1692 1247 1839 1319 ocbtuir

261 1362 558 1439 reinbrunndublr
580 1360 801 1462 mceecirsor
815 1364 855 1436 ui
869 1360 1143 1439 nstitutum.
1156 1363 1507 1464 quiesFergusaEpi
1532 1370 1841 1467 dremeletgleiese

260 1486 325 1583 qui
343 1485 520 1561 fundavit
533 1489 599 1560 cill
615 1486 758 1560 mbiur'rr.
791 1484 912 1580 [Mors
939 1483 1053 1557 Felim
1071 1485 1138 1558 filii
1154 1486 1358 1585 Tigernagi
1378 1488 1491 1586 Regis
1507 1490 1721 1565 Momoniae.
1742 1492 1839 1566 Prae·

259 1610 352 1684 lium
366 1610 610 1685 Iathridense
626 1621 772 1708 gestum
791 1608 839 1681 ab
857 1606 1013 1680 Aedano
1031 1608 1109 1682 filio
1136 1609 1318 1684 Gaurani.
1373 1609 1547 1685 Proelium
1564 1616 1685 1714 campi
1699 1615 1844 1690 Oelrtar

260 1964 324 2015 rum
337 1945 405 2006 etin
417 1945 597 2024 Tigemaclm,
607 1945 691 2015 iol.9,
703 1944 797 2002 coit.
840 1943 905 2002 Fuit
915 1943 948 2013 is,
962 1942 1067 2003 saeculo
1077 1945 1114 2014 ri,
1129 1944 1192 2003 Rex
1207 1943 1359 2014 cornubie,
1372 1956 1442 2005 tunc
1453 1946 1620 2017 Damnonie,
1645 1968 1721 2006 nunc
1735 1947 1846 2006 Decen-

257 2041 343 2110 adim
375 2063 460 2119 quern
475 2041 585 2112 Gildar,
599 2041 627 2099 in
646 2041 746 2100 libello
764 2041 799 2098 de
813 2039 937 2099 Excidio.
979 2039 1194 2115 “Tyrannieam
1208 2039 1338 2098 Catulum
1358 2041 1586 2101 Constantinam''
1603 2045 1736 2122 appellat.
1771 2045 1847 2104 Vide

259 2137 384 2217 Gadfrid.
397 2140 473 2198 Hist.
485 2141 555 2199 Brit.
565 2139 586 2197 i.
600 2146 646 2211 ll,
661 2157 688 2198 e.
703 2146 733 2196 4.
743 2152 773 2199 et
785 2135 950 2195 Mattdoeam
959 2135 1092 2214 florileg.
1102 2136 1138 2193 ad
1147 2155 1204 2195 anu
1215 2143 1285 2197 543.
1325 2139 1471 2209 Boethius,
1497 2143 1593 2200 nescio
1606 2160 1663 2218 qua
1674 2140 1847 2199 auctoritate

257 2234 350 2311 iuquit
361 2240 381 2269 ‘⁴
396 2237 592 2304 Paenitentem,
606 2236 740 2293 abdicato
753 2254 851 2311 regno,
879 2232 1025 2293 Quae
1046 2233 1076 2295 iu
1088 2231 1261 2303 liberatam,
1277 2234 1382 2312 ibique,
1397 2248 1479 2295 tonso
1493 2237 1597 2313 capite,
1617 2235 1723 2296 Christi
1738 2236 1846 2294 militi·

256 2348 286 2389 se
295 2333 474 2408 pressisse&
495 2333 571 2393 Hist.
586 2332 665 2391 Scot.
681 2332 700 2391 Ι.
715 2337 746 2401 9,
767 2332 925 2410 quodcum
939 2330 1041 2388 nostris
1054 2328 1215 2388 Annalibus
1228 2329 1374 2388 collimare
1388 2333 1567 2391 manifestum
1581 2342 1633 2392 est.

299 2428 347 2486 De
365 2428 440 2486 Aido
462 2431 536 2487 Vide
558 2447 625 2486 ann.
636 2424 706 2487 564.
727 2427 888 2485 Adamnani
909 2428 995 2485 verba
1014 2425 1142 2483 notanda
1156 2426 1581 2486 sunt-“FindcbanusAidam
1595 2436 1785 2504 cognomento
1803 2426 1846 2484 ni-

259 2526 279 2556 “
298 2544 390 2601 grum,
400 2526 487 2603 Regio
495 2545 596 2602 genere
606 2521 894 2592 ortum,Cratbiniarrr
904 2534 996 2600 gente,
1013 2524 1050 2581 de
1065 2522 1163 2581 Scotia
1172 2523 1208 2580 ad
1219 2523 1395 2581 Britanniam
1406 2526 1458 2581 sub
1467 2524 1619 2582 clericatus
1630 2523 1730 2581 babitu
1743 2541 1843 2582 secum

259 2622 279 2651 “
300 2620 432 2691 adduxit,
445 2623 493 2699 qui
505 2622 607 2690 Aidus,
620 2620 703 2677 vaide
712 2619 908 2696 sanguinarius
922 2619 1019 2690 bomo,
1028 2628 1059 2676 et
1068 2618 1224 2677 muitarum
1238 2618 1331 2677 iuerat
1344 2620 1513 2688 trucidator,
1527 2630 1557 2678 et
1566 2604 1845 2695 'Diemnitiamfiiimn

259 2719 280 2751 “
302 2714 527 2787 cerassitenus
539 2717 643 2774 Scotiae
655 2717 842 2790 Regnatorem
859 2716 924 2773 Deo
936 2724 1055 2774 auctora
1063 2714 1236 2786 ordinatum,
1248 2715 1437 2784 interfecerat,
1453 2716 1697 2775 &ce-ordinatus
1709 2716 1845 2787 indebite,

261 2814 282 2843 “
304 2811 371 2869 doio
384 2812 485 2869 iancea
498 2811 660 2880 transfixus,
671 2810 706 2865 de
715 2828 801 2885 prora
811 2811 877 2867 ratis
885 2811 914 2866 iu
927 2829 1032 2886 aquam
1046 2809 1140 2887 lapsus
1149 2822 1306 2886 stagneam,
1319 2811 1474 2887 disperiit.''
1489 2813 1509 2870 l.
1523 2819 1549 2881 1,
1564 2831 1589 2870 e.
1598 2808 1647 2871 ³6.
1668 2813 1848 2871 Conveniunt

263 2905 304 2962 tv
315 2902 455 2982 Magistri
469 2909 505 2963 ad
520 2925 587 2964 ann.
601 2911 669 2974 592.
711 2904 852 2980 Colganus
875 2904 904 2961 in
928 2914 996 2961 nota
1005 2902 1043 2960 iad
1059 2904 1135 2961 hunc
1146 2904 1255 2972 locum,
1267 2905 1297 2962 in
1310 2906 1415 2963 Triade
1429 2927 1456 2983 p.
1468 2912 1538 2976 379,
1549 2908 1701 2983 iuquir—“
1712 2909 1780 2967 Tres
1795 2909 1846 2966 alii

261 3002 395 3079 anonymi
406 3002 539 3060 authores
549 3021 634 3079 penes
645 3021 701 3072 me,
715 3001 764 3080 qui
775 3001 813 3058 de
827 2999 951 3076 Regibus
964 2998 1083 3056 Ulterior
1096 2997 1278 3074 scripserunt,
1289 3002 1405 3059 tradunt
1419 3003 1525 3060 Aidum
1545 3004 1575 3060 in
1586 3003 1649 3060 navi
1663 3004 1846 3062 aCruthenis

260 3099 403 3157 occissuru
412 3097 500 3157 esse.''
541 3096 646 3156 Confer
659 3098 784 3156 Vetusta
796 3107 931 3174 poemata
946 3095 1104 3154 Hibernica
1115 3094 1188 3153 Cod.
1204 3094 1269 3157 MS.
1283 3095 1341 3166 xri,
1355 3095 1384 3155 ie
1396 3095 1542 3157 Stouerrre.

258 3195 305 3268 (1)
327 3194 399 3252 Cod.
410 3194 543 3254 Clarend.
560 3202 600 3264 49
613 3195 701 3254 babet
713 3195 860 3270 “Aengus
875 3192 948 3250 filius
962 3191 1115 3260 Brendarri,
1129 3189 1192 3248 Rex
1203 3190 1308 3262 Teffiae,
1330 3192 1378 3268 qui
1391 3193 1497 3252 dicavit
1510 3192 1672 3273 Deamagb
1693 3195 1842 3255 Columba

261 3289 339 3349 cili.'’
381 3289 548 3367 Tigerrracii
562 3293 649 3350 verba
666 3299 734 3350 sunt
759 3293 779 3323 “
792 3289 829 3348 K.
844 3288 894 3348 iiii.
908 3287 987 3365 quies
1000 3284 1080 3343 Aede
1093 3304 1134 3343 mc
1147 3285 1215 3344 Bria
1227 3305 1299 3363 eger
1318 3286 1398 3347 Aede
1415 3307 1456 3344 mc
1480 3288 1616 3347 Bremia
1625 3291 1689 3369 rigi
1711 3289 1813 3350 Tebkto
1826 3311 1845 3348 a

260 3385 386 3444 drebairt
401 3385 543 3445 Dumaci
556 3384 814 3446 decertaturum
834 3384 915 3461 [Kal.
930 3385 997 3444 Jan.
1011 3383 1062 3442 t'er.
1073 3382 1110 3441 iv.
1131 3382 1224 3449 Quies
1243 3380 1322 3442 Aedi
1343 3384 1393 3441 tiiii
1408 3384 1495 3456 Brici,
1519 3396 1548 3443 et
1562 3388 1634 3445 Aedi
1654 3386 1840 3464 regis'l'effiae,

262 3482 310 3559 qui
330 3483 446 3544 donarit
458 3503 593 3562 campum
614 3502 772 3560 quercuum
800 3481 830 3541 S.
840 3477 1020 3556 Columbae']
1062 3479 1135 3538 Cod.
1151 3479 1234 3539 Bodi.
1248 3480 1297 3539 soi.
1308 3487 1339 3550 9,
1352 3481 1408 3541 coi.
1423 3483 1597 3569 l.7Postea
1614 3483 1707 3560 inquit
1728 3488 1748 3518 “
1764 3484 1847 3542 Estas

263 3579 370 3639 torrida
383 3589 414 3637 et
432 3579 511 3638 sicca
522 3580 622 3637 eodem
638 3578 1015 3653 anno.”-Ann0sequente
1032 3580 1051 3608 “
1067 3576 1135 3634 K.v.
1156 3573 1229 3634 Cart
1244 3574 1325 3634 Leith
1338 3577 1385 3653 rig
1398 3577 1426 3635 le
1449 3572 1554 3636 dieder
1576 3598 1618 3637 nrc
1641 3578 1802 3637 Gabbreia''
1815 3594 1846 3640 et

261 3692 337 3734 auno
350 3676 418 3734 inde
431 3676 562 3752 proximo
573 3681 593 3710 “
608 3677 644 3733 K.
654 3677 690 3736 ri.
705 3673 914 3748 Dejectio-Selia
937 3673 967 3730 ·ἱ·
980 3691 1063 3731 ercrc
1088 3671 1184 3749 grtiae
1198 3672 1227 3729 ·i·
1244 3691 1322 3730 manc
1343 3673 1536 3734 tenebrosum?
1577 3674 1612 3732 In
1639 3657 1847 3734 Dissertatione

262 3770 448 3830 Praeiiminari
472 3772 618 3830 manibste
644 3770 858 3830 demonstratur
871 3769 922 3828 bos
946 3780 1003 3827 tres
1022 3786 1112 3825 annos
1130 3753 1215 3829 fuisse
1225 3769 1300 3844 AEne
1313 3770 1472 3827 commanis
1496 3776 1565 3839 589,
1587 3776 1657 3840 590,
1678 3774 1732 3839 591
1744 3791 1754 3839 ;
1777 3789 1845 3828 cum

263 3863 384 3940 Eclipsis
397 3866 480 3936 Solis,
496 3885 581 3943 quarn
594 3867 751 3942 Tigernacb
762 3885 846 3924 erere
857 3866 953 3942 grene
962 3862 1100 3942 appellat,
1113 3863 1255 3932 inciderit,
1268 3883 1306 3921 ex
1319 3865 1437 3923 calculis
1451 3867 1658 3935 astronomicis,
1672 3867 1700 3924 in
1717 3865 1791 3923 diem
1804 3870 1842 3924 28
1898 3886 1904 3897 ·

146 3969 153 3977 '
262 3959 444 4037 Septembris,
454 3961 526 4021 bora
547 3959 605 4035 tl}
614 3973 681 4023 ante
690 3963 847 4033 meridiem,
856 3980 931 4021 auno
945 3966 1016 4030 591,
1025 3959 1084 4023 Art
1093 3959 1127 4023 dc
1143 3957 1176 4019 V.
1189 3959 1229 4020 [α
1238 3959 1361 4030 datm
1378 3968 1405 4030 1,
1418 3981 1445 4038 p.
1457 3957 1507 4022 68.
1519 3962 1656 4038 Sequitur
1667 3980 1735 4036 ergo
1749 3959 1843 4018 laeirt-

263 4055 383 4124 redcnsc,
396 4055 614 4113 siveMiatoram
626 4057 767 4134 praelium,
788 4058 816 4115 iu
837 4075 894 4133 quo
909 4055 1020 4115 Aidcro
1030 4055 1183 4114 Scotorum
1194 4056 1325 4114 Albaniae
1337 4054 1417 4130 Regi,
1452 4059 1471 4088 ‘⁴
1483 4055 1581 4113 infelix
1609 4055 1728 4132 contigit
1755 4056 1846 4114 victo·

263 4151 322 4210 ria”
338 4151 477 4210 Primord.
488 4171 517 4229 p.
535 4135 635 4227 loarss]
655 4151 778 4212 Gestum
800 4153 887 4212 fuisse
909 4170 986 4210 auno
997 4157 1067 4223 591,
1080 4160 1114 4213 ut
1133 4151 1162 4209 in
1180 4149 1304 4209 Discere.
1332 4149 1454 4208 Praeiim.
1479 4149 1703 4209 demonstratum
1729 4163 1783 4222 eat,
1809 4172 1847 4211 ex

262 4246 419 4313 Adomni
429 4246 449 4305 l.
465 4253 570 4316 1,c.8.
585 4249 633 4308 eui
649 4248 750 4307 titulus
762 4257 804 4306 est
819 4251 839 4283 “
855 4247 902 4306 De
919 4244 1209 4306 bellomontem?

262 4345 305 4416 (2)
325 4343 476 4400 Accianum
491 4344 581 4402 filium
595 4345 754 4404 Gauranis
768 4346 797 4404 S.
808 4343 960 4414 Columba,
984 4343 1013 4401 iu
1027 4341 1122 4406 insuia
1135 4341 1216 4412 iona,
1235 4341 1355 4399 solemni
1381 4339 1437 4398 ritu
1458 4341 1563 4418 Regem
1585 4342 1715 4402 Albaniae
1729 4345 1848 4421 inaugu-

264 4439 463 4511 meminisse,
476 4439 546 4498 etin
560 4440 657 4517 praelio
672 4441 726 4498 boc
738 4439 920 4502 [attrectem
933 4445 953 4473 ‘⁶
968 4438 1089 4497 Aedano
1099 4436 1379 4515 quamlibetinielici,
1392 4457 1558 4498 concessam
1578 4438 1663 4498 t‘uisse
1679 4440 1845 4498 victoriam”

265 4537 353 4597 tradit
364 4535 509 4594 Ata-m
524 4536 543 4595 Ι.
560 4543 585 4606 l,
596 4554 624 4595 c.
634 4543 661 4595 8.
676 4536 804 4614 Septimo
818 4547 914 4595 tarneu
932 4546 997 4614 post
1007 4533 1117 4594 obitum
1131 4534 1281 4593 Columbae
1296 4554 1383 4604 anne,
1396 4533 1427 4592 in
1446 4534 1504 4593 aiio
1518 4536 1654 4594 condictu
1667 4547 1758 4594 totum
1776 4551 1848 4612 pene

265 4632 376 4690 Aedaui
391 4634 550 4692 exercitum
563 4633 687 4710 periisse,
696 4635 764 4692 estis
779 4645 824 4693 est
842 4631 1077 4709 tocuptetissimus
1096 4629 1212 4691 aeder.
1227 4631 1247 4702 i,
1258 4650 1284 4690 e.
1297 4631 1437 4692 tta—De
1459 4632 1570 4690 Aedani
1583 4631 1846 4707 predecessoribus,

265 4726 391 4802 Regibus
404 4727 556 4786 Scotorum
570 4727 876 4798 athanasianae
888 4729 925 4788 ad
937 4748 1028 4790 aanor
1042 4734 1112 4799 503,
1125 4733 1195 4799 537,
1208 4734 1278 4799 544,
1289 4731 1359 4799 557,
1369 4737 1399 4784 et
1408 4745 1475 4784 ann.
1488 4731 1557 4795 559,
1567 4724 1606 4782 al.
1618 4719 1687 4791 560,
1693 4744 1750 4800 quo
1762 4726 1847 4786 Pater
1892 4730 1900 4737 '

265 4832 297 4882 et
309 4821 498 4902 predecessor
510 4824 571 4900 ejus
586 4823 889 4891 acaemetarum
927 4825 1001 4887 Item
1015 4825 1224 4889 nouandarum
1238 4830 1309 4896 573,
1329 4828 1399 4895 515,
1420 4826 1489 4892 579,
1510 4826 1580 4893 581,
1592 4821 1703 4880 etinsra
1715 4818 1785 4884 605.
