4446 6000
310 520 378 622 92
744 542 1004 608 auxanus
1044 544 1443 609 unrournnsns.

312 751 377 800 rex
397 726 434 797 in
455 723 619 810 lacuscin,
637 723 732 818 [Rex
754 723 1049 819 Septentrionis]
1106 724 1353 800 Scaclnusoclr
1375 724 1470 795 filius
1497 722 1633 820 Colgen
1656 750 1720 800 rex
1739 704 1878 831 Zaigin

316 847 520 959 [Lageniae]
536 847 697 919 moritur.
751 846 981 921 Cu·Cumirre
997 847 1138 945 sapiens
1159 849 1247 920 obit.
1305 850 1452 920 liemon
1479 871 1554 918 inec
1589 848 1752 925 Colmairr
1768 854 1886 930 Poeta

266 981 270 987 '
311 972 473 1067 optimus
493 968 642 1064 quievit.
682 966 740 1063 (l)
780 968 884 1039 Mors
908 969 1040 1042 tS'rrrein
1059 969 1215 1042 Abbatis
1235 970 1775 1068 Berrrrclruir·[Benclrorensis]
1801 978 1882 1053 Bel.

312 1094 519 1168 Cairliilce
536 1092 573 1163 lo
592 1091 778 1176 Mumuirr,
800 1089 983 1182 [Praelium
1004 1090 1097 1162 arcis
1115 1090 1240 1163 Alclrii
1259 1107 1404 1186 gestum
1433 1118 1453 1164 a
1475 1093 1809 1191 Monroniensibus]
1843 1100 1885 1175 in

310 1243 382 1315 quo
400 1216 535 1290 cecidit
555 1215 709 1313 Cuirpre
732 1238 809 1286 mae
831 1212 1055 1287 Corrdinoisc.
1137 1213 1240 1284 lliors
1259 1214 1478 1311 Dunloingi
1496 1216 1560 1287 filii
1574 1217 1735 1291 Durulto
1765 1220 1881 1320 Regis

314 1341 460 1416 Cerriuil
476 1340 674 1435 Arddguil.
711 1335 1028 1432 [Arrlgalliorum]
1056 1336 1158 1407 Mors
1178 1337 1376 1410 Teutaluin
1395 1338 1551 1411 Abbatis
1571 1338 1732 1439 Cirrriglr
1751 1347 1882 1420 arenci.

307 1465 330 1538 J
338 1461 502 1562 ugulatio
520 1463 622 1535 Aede
655 1459 737 1533 duit
771 1458 872 1554 [didi
891 1455 1006 1554 nigri]
1030 1456 1094 1528 filii
1115 1456 1273 1530 Cariati.
1329 1459 1499 1532 Pausatio
1518 1462 1669 1536 (lanaria
1703 1465 1884 1565 lleligiosi

310 1590 346 1660 ·i·
364 1590 401 1660 in
420 1588 528 1673 droca,
543 1586 618 1679 [ie.
633 1584 669 1655 in
686 1579 805 1671 Rosa]
821 1595 859 1653 et
881 1578 984 1674 quies
1002 1575 1226 1667 lirdocrieln
1245 1580 1400 1654 Abbatis
1419 1584 1522 1656 Deir
1539 1587 1642 1658 intere
1664 1588 1885 1684 [quercuum

187 1706 191 1711 ·
305 1710 466 1801 insulan]
520 1709 625 1779 Mors
644 1705 830 1800 Rudgoile
847 1705 882 1776 di
901 1700 1088 1797 laigaion
1105 1702 1295 1798 [Rudgalli
1314 1703 1360 1776 de
1380 1705 1671 1802 Lugnensibus.]
1725 1717 1748 1749 “
1767 1712 1884 1797 Quiefl

307 1831 439 1908 Jacobt
470 1855 489 1903 o
510 1837 532 1868 “
552 1829 750 1901 Farunann
768 1823 1017 1924 predicatoris
1034 1824 1185 1896 maximi
1205 1837 1367 1923 tempore
1385 1833 1489 1902 suo.'’
1519 1829 1580 1926 (2)

308 1957 376 2030 aa.
393 1952 468 2029 ωτι
485 1956 518 2036 tl
537 1953 602 2028 hii.
653 1949 810 2025 Badudlt
828 1947 1027 2020 Aroscuiclr
1046 1947 1102 2019 ab.
1118 1948 1351 2022 Mariccinnse
1374 1976 1414 2024 re
1427 1953 1524 2049 guil.
1545 1953 1745 2048 [Dimersio
1768 1956 1882 2029 Aras·

306 2074 412 2148 caclri
436 2072 745 2146 Abbatis'Insulae
768 2086 962 2169 porcorum
985 2069 1031 2141 ab
1058 2069 1304 2168 alienigenis]
1325 2073 1385 2167 (3)
1442 2073 1561 2158 Quies
1593 2074 1742 2150 Cuuirrd
1762 2078 1880 2151 coinel>

308 2195 429 2271 Cuani
448 2195 568 2288 curvi]
593 2194 774 2293 sapientis.
805 2193 888 2265 Nix
908 2193 1056 2265 insolite
1078 2193 1359 2291 magnitudinis,
1374 2195 1427 2267 ita
1444 2209 1487 2269 nt
1503 2221 1596 2295 pene
1612 2223 1745 2297 pecora
1761 2200 1883 2275 deleta

308 2330 397 2392 sunt
414 2304 534 2392 tocius
554 2317 741 2404 llibernie‚
770 2329 808 2388 et
834 2329 969 2413 postea,
1005 2315 1153 2389 insolita
1179 2316 1346 2390 siccitate
1369 2317 1534 2391 mundus
1567 2320 1714 2394 exarsit.
1777 2321 1885 2397 Mors

307 2441 549 2536 Iudreclrtaig
578 2438 720 2537 nepotis
755 2438 925 2534 Conuing
958 2436 1072 2533 Regis
1096 2437 1307 2511 Cionoclrte.
1362 2438 1587 2514 Dormitatio
1616 2442 1785 2519 Dedinoe
1818 2471 1884 2520 an·

309 2566 447 2639 coritea
476 2563 632 2638 Abbatis
666 2561 809 2636 Cluono
825 2562 945 2635 Irurd
970 2575 1009 2633 et
1038 2560 1207 2651 Kildara,
1247 2564 1290 2635 do
1309 2563 1451 2635 cluuin.
1487 2566 1681 2659 [moerore]
1732 2570 1884 2668 Sapiens

310 2683 703 2780 Murin[t10ra]filia
738 2684 908 2780 Ceolloig
927 2682 1111 2773 Cualonn,
1151 2683 1536 2786 IleginaJurgalloig
1570 2692 1774 2790 [Argalliae]
1803 2720 1883 2770 mo·

309 2809 413 2883 ritur.
467 2807 619 2883 Occisio
638 2807 817 2905 Congoilc
852 2831 930 2881 niae
948 2807 1088 2904 Eicnig
1108 2805 1203 2904 regis
1227 2811 1416 2883 nonuirtir
1435 2814 1574 2888 irreitlt
1592 2816 1732 2890 Esclai.
1751 2818 1883 2918 [Regis

307 2933 549 3019 orientalium,
570 2931 667 3029 apud
685 2931 817 3004 Arcem
837 2930 977 3023 lisola]
1018 2929 1098 3003 Lex
1115 2932 1200 3003 eoin
1232 2930 1494 3031 Suonaiclrfor
1520 2938 1608 3009 letti
1628 2937 1761 3012 Carina.
1783 2940 1882 3035 [Lex

264 3126 267 3131 .
307 3055 538 3130 O'Suanaclri
556 3054 719 3130 stabilita
735 3054 773 3127 in
792 3052 946 3126 dinridio
964 3053 1247 3151 septentrionale
1266 3054 1553 3154 Hiberniae.](4)
1574 3056 1697 3131 Flonn
1707 3058 1883 3157 sbirbtlte

311 3376 358 3446 (1)
373 3380 392 3407 “
405 3374 512 3432 Rumon
525 3375 616 3431 Poeta
630 3371 855 3448 optimust-lv
870 3371 997 3448 Magistri
1012 3370 1195 3434 adnuntia
1209 3392 1272 3431 aerae
1285 3392 1360 3432 corn.
1371 3379 1441 3445 748,
1454 3376 1736 3453 inquiunt-Rumon
1749 3397 1808 3436 mac
1819 3376 1883 3437 cot·

308 3471 380 3526 main
398 3469 457 3525 suoi
480 3469 507 3523 ia
529 3487 620 3536 eccae,
641 3467 779 3535 leccenic,
802 3487 871 3543 ugus
894 3469 904 3524 i
915 3466 1047 3542 filideclt
1071 3467 1152 3544 deg.”
1192 3466 1318 3544 [Roman
1333 3470 1408 3527 filius
1421 3471 1572 3528 colmanni
1590 3472 1700 3549 sapiens
1714 3474 1882 3532 inscientia

308 3564 495 3630 discernendi,
523 3563 551 3618 in
565 3563 724 3633 Chronicis,
735 3575 764 3620 et
774 3565 802 3619 in
814 3564 894 3620 Poesi
909 3561 1000 3637 obiit]

309 3661 357 3732 (2)
381 3659 451 3715 Haec
460 3678 497 3715 ex
507 3658 615 3716 Codice
627 3659 855 3717 Clarcndoniano
866 3660 894 3716 in
905 3659 1018 3716 Codicis
1030 3658 1176 3717 Bodleiani
1187 3666 1269 3717 textu
1279 3659 1441 3733 reponenda
1455 3662 1561 3730 censui,
1582 3661 1708 3739 quamvis
1723 3663 1881 3723 recentiore

305 3774 394 3812 manu
408 3755 613 3821 inserta,-sed
629 3754 742 3812 inversis
756 3754 879 3830 virgulis,
891 3756 927 3811 ab
941 3753 1001 3829 ipso
1016 3765 1097 3811 textu
1111 3753 1311 3811 discriminavi.

305 3854 348 3924 (3)
369 3851 425 3908 Hic
439 3849 525 3918 Dani,
540 3851 583 3906 vel
606 3849 872 3925 Norwegi,nomine
886 3849 1111 3924 Alienigenurum
1135 3848 1308 3923 subintelligi
1336 3847 1475 3907 videntur.
1521 3851 1555 3907 In
1571 3852 1613 3909 his
1627 3854 1703 3913 enirn
1724 3853 1882 3913 Annalibus

305 3966 414 4022 semper
430 3946 584 4002 Hibernice
602 3945 781 4020 appellantur
790 3944 861 4018 gall,
869 3944 938 4020 god,
949 3954 977 4001 ct
988 3944 1069 4021 guill.
1102 3945 1146 4000 De
1166 3943 1256 4020 prima
1270 3944 1425 4000 vastatione
1446 3945 1589 4003 lliberniae
1603 3966 1654 4024 per
1674 3949 1783 4020 Dauos,
1804 3959 1834 4007 et
1848 3950 1884 4007 de

306 4042 422 4117 Colgani
437 4041 615 4116 aliorumque
626 4040 769 4097 erroribus
782 4041 844 4096 vido
859 4050 955 4097 notam
966 4042 1002 4097 ad
1016 4059 1082 4096 ann.
1096 4035 1155 4097 634
1166 4058 1260 4115 supra,
1271 4048 1302 4095 et
1314 4043 1373 4105 794
1388 4037 1468 4095 infra

305 4138 348 4206 (4)
370 4138 437 4204 llic,
461 4148 493 4192 ut
519 4135 652 4210 supraad
668 4141 815 4204 annm,
831 4148 888 4193 not.
911 4142 941 4193 3.
984 4134 1152 4192 Notandum
1176 4134 1245 4190 duxi
1261 4132 1349 4208 Leges
1370 4133 1420 4189 lias
1447 4133 1493 4190 vel
1517 4133 1601 4192 fuisse
1629 4137 1734 4207 civiles,
1750 4148 1783 4195 ut
1806 4138 1880 4213 leges

306 4229 566 4304 Anglosaxonicae
590 4250 659 4305 quas
678 4231 766 4290 edidit
785 4230 951 4288 Lonrbordus
963 4230 1152 4304 cantabrigiae
1169 4225 1256 4298 1644,
1279 4230 1324 4286 vel
1350 4228 1468 4304 Regula
1484 4229 1653 4288 Monasticae
1669 4230 1881 4289 lllonaclrorum

306 4324 337 4383 S.
349 4323 480 4389 l'utrr'cii,
492 4323 580 4389 Atrei,
602 4322 725 4392 Cimoni,
753 4336 783 4382 et
796 4327 917 4383 aliorum
928 4343 1048 4400 quorum
1060 4325 1174 4381 nomina
1189 4325 1353 4400 praeferunt,
1370 4323 1405 4379 dc
1422 4324 1524 4399 quibus
1538 4343 1640 4401 magna
1653 4325 1726 4382 inter
1741 4324 1881 4381 Benedic-

303 4422 390 4488 tinos,
405 4417 565 4477 Canonicos
579 4418 744 4491 llcgulares,
758 4431 786 4474 et
802 4420 1021 4494 Augustinianos
1046 4420 1185 4477 lircmitas
1209 4419 1378 4494 disceptatio
1400 4434 1464 4475 orta
1486 4430 1539 4488 cst,
1552 4420 1666 4495 singulis
1679 4418 1791 4475 erudite
1804 4431 1880 4476 sata·

305 4516 436 4593 gentibus
450 4515 485 4570 ad
500 4512 542 4568 sui
564 4512 742 4586 splendorem
760 4513 880 4570 instituti
901 4516 1006 4570 Vctcra
1021 4515 1166 4572 Hibernitc
1188 4516 1281 4571 sidera
1295 4533 1451 4588 aggregare.
1493 4512 1689 4572 Canonicorrrm
1712 4526 1883 4586 argumento

304 4612 432 4687 pluribus
445 4609 564 4685 exponit
577 4605 693 4663 Gabriel
705 4605 856 4664 Pennottus
871 4610 899 4664 in
908 4609 987 4666 istius
1000 4610 1105 4666 ordinis
1118 4609 1244 4665 Historia
1258 4609 1334 4664 edita
1350 4610 1447 4665 Romae
1464 4605 1550 4676 1624,
1565 4605 1799 4663 Benedictinorum
1815 4606 1882 4664 Tri·

312 4705 435 4778 tleruias,
450 4703 804 4776 deuteteronomio
825 4703 923 4781 Yepes,
946 4704 1087 4765 Arnolrlus
1103 4702 1194 4774 Wion,
1217 4713 1247 4762 et
1259 4703 1417 4780 prasertim
1438 4702 1560 4763 Clemens
1573 4700 1693 4780 myrra,
1709 4702 1828 4780 Anglus,
1851 4702 1882 4760 in
