4446 6000
380 506 447 596 3⁰2
816 529 1076 593 Annianus
1117 526 1537 602 nerournrrsus·¹

378 725 568 812 gestuma
598 710 810 786 Brandubio
835 712 913 785 filio
939 710 1203 786 Eachicontm
1226 710 1435 785 O’Neillos.
1488 710 1560 786 Vel
1590 707 1664 786 hoc
1686 736 1797 803 anno,
1838 714 1955 799 Quies

334 847 338 852 ’
378 839 549 936 Fergrrsii
565 836 740 935 Episcopi
760 835 1071 932 Dromaeletglass,
1090 834 1154 930 qui
1169 831 1346 926 fundavit
1361 832 1544 925 Kilbian]

378 962 446 1037 flu.
473 958 514 1036 0
532 979 582 1042 st.
611 958 693 1030 Kal.
711 959 734 1031 J
739 984 797 1032 an.
811 958 847 1031 ii.
860 956 926 1030 fer.
943 958 1019 1030 lun.
1042 957 1065 1029 i.
1096 955 1271 1030 Deiectio
1281 956 1385 1046 Solis,
1404 957 1426 1028 i.
1439 980 1471 1030 e.
1484 981 1592 1031 mane
1607 956 1855 1037 tenebrosum.
1883 962 1955 1036 ver

377 1085 439 1159 hic
454 1085 555 1181 quies
573 1083 677 1157 Nisei
690 1081 845 1154 Abbatis
862 1081 1004 1154 Cluana
1018 1102 1072 1152 mc
1089 1080 1177 1153 nois.
1193 1079 1255 1176 (1)

378 1205 609 1291 010001ιὶ
644 1205 825 1279 RarJan.
846 1203 895 1275 iii.
911 1200 977 1276 fer.
996 1203 1074 1276 lun.
1092 1202 1158 1275 xii.
1200 1200 1337 1274 Obitus
1355 1199 1537 1298 Luigidae
1554 1203 1725 1283 Lismoer.
1765 1207 1966 1285 Nativitas.

377 1332 526 1406 Cnmcni
544 1330 664 1430 longi.
717 1327 910 1401 Matutine
934 1326 1137 1400 tenebrosa.
1165 1324 1229 1423 (2)
1283 1325 1449 1402 Initium
1470 1326 1576 1424 regni
1601 1327 1953 1405 Aedachinmr're

376 1454 456 1551 [filii
476 1446 682 1546 Ainnririi]

378 1581 445 1657 flu.
473 1576 513 1655 m
528 1596 567 1661 tt
585 1579 625 1654 ii.
654 1576 736 1649 Kal.
748 1574 772 1649 J
776 1599 834 1648 an.
846 1599 881 1647 v.
902 1572 966 1648 fer.
984 1575 1061 1647 lun.
1082 1572 1188 1646 xxiii.
1225 1573 1330 1647 Mors
1346 1573 1522 1673 Aengusa
1539 1576 1843 1676 chmnlngado.
1872 1577 1965 1674 [filii.

376 1700 616 1798 rirnnlgadii]
633 1697 839 1796 Gregorius
857 1697 1009 1771 natione
1028 1697 1227 1787 Romanus,
1246 1721 1294 1772 ex
1313 1699 1421 1774 Patre
1440 1699 1645 1790 Gordiane,
1680 1703 1776 1775 sedit
1793 1728 1851 1777 an.
1872 1703 1950 1796 xiii,

377 1852 423 1899 nr.
438 1826 484 1914 vi,
505 1825 540 1897 d.
559 1852 595 1896 x.
663 1806 749 1895 Fuit
779 1834 941 1921 tempore
974 1820 1208 1919 Imperatoris
1239 1822 1426 1913 Mauricii‚
1461 1837 1498 1897 et
1530 1823 1712 1897 Foccatis.
1779 1826 1950 1901 Secundo

375 1976 475 2024 anno
500 1949 602 2047 regni
629 1946 790 2046 ejusdem
810 1944 916 2031 Foce,
944 1947 1109 2043 sepultus
1127 1957 1183 2018 est
1204 1944 1243 2017 iu
1262 1945 1414 2019 basilica
1435 1946 1477 2020 B.
1497 1946 1595 2021 Petri
1613 1947 1698 2045 Apri
1721 1961 1807 2023 ante
1826 1950 1949 2025 Secre-

377 2073 523 2147 tarium.
578 2071 647 2143 Sed
664 2069 870 2145 secundum
888 2066 1037 2144 Bedam.
1069 2066 1275 2167 Gregorius
1293 2069 1437 2165 quievit
1448 2071 1514 2145 xiv
1530 2097 1630 2145 anno
1645 2070 1777 2146 abhoc
1795 2074 1877 2148 loco
1897 2073 1953 2147 in·

339 2211 346 2214 ’
375 2193 442 2270 fra.
495 2195 566 2269 Vei
597 2194 669 2269 hoc
690 2219 789 2268 anno
805 2191 903 2268 Cam
920 2194 1008 2265 beai.
1025 2193 1069 2266 da
1087 2192 1177 2265 imre
1192 2192 1382 2289 [Proeiium
1407 2193 1446 2267 iu
1460 2192 1565 2267 aditu
1579 2192 1739 2268 duorum
1757 2195 1952 2290 vaduum,]

376 2320 414 2393 in
429 2345 504 2420 quo
519 2318 655 2392 cecidit
671 2318 819 2392 Colman
846 2316 926 2393 decc
953 2315 987 2389 ic
1006 2315 1206 2390 Diarmata
1240 2316 1415 2414 [Colman
1435 2342 1570 2416 parvus
1588 2317 1687 2393 filius
1704 2317 1911 2417 Diarmitii]
1930 2346 1953 2393 a

377 2470 451 2541 quo
470 2445 563 2519 Cirrn
582 2445 740 2531 Colman,
761 2443 797 2517 ·r'·
817 2441 850 2516 d.
870 2440 1119 2514 Mnelncirlain
1136 2453 1178 2514 ct
1196 2442 1363 2516 Aadmae
1378 2443 1547 2516 Ainmire
1563 2442 1685 2517 vietor
1698 2442 1782 2518 fuit.
1803 2442 1864 2542 (3)

377 2571 444 2646 flu.
473 2566 514 2645 D
533 2569 645 2652 rrii'e
689 2567 772 2639 Kal.
791 2566 878 2639 Jan.
898 2565 949 2640 vi.
965 2563 1031 2639 fer.
1050 2565 1130 2638 lun.
1151 2564 1200 2637 iv.
1269 2565 1349 2639 Bel.
1373 2563 1550 2641 Gerrtide
1592 2569 1628 2641 ri
1659 2568 1883 2644 Ciannaclrte
1913 2593 1954 2643 oc

374 2693 509 2765 endonn
526 2716 611 2764 mor.
630 2715 671 2762 ro
689 2689 786 2762 nrneb
801 2688 964 2764 Fiacdna
995 2689 1027 2760 r'c
1044 2687 1211 2778 Baetain,
1244 2689 1278 2761 ic
1295 2688 1436 2782 Cuiam,
1471 2691 1504 2764 ic
1522 2692 1727 2790 Muredaig
1746 2693 1952 2793 Mninderg

374 2813 560 2910 [Prrcliurn
591 2811 752 2886 Gerridii
779 2811 892 2910 Regis
919 2811 1161 2886 Ciannaehtae
1184 2811 1282 2911 apud
1313 2812 1448 2888 Endon
1483 2815 1625 2914 grande
1640 2831 1799 2918 gestum.
1820 2818 1949 2894 Fiach-

374 2962 422 3013 ua
437 2937 535 3014 filius
554 2937 716 3028 Bactani,
736 2937 801 3010 filii
821 2937 959 3028 Catilli,
981 2934 1047 3010 filii
1066 2935 1267 3034 Muredagi
1284 2937 1384 3032 rusi]
1405 2939 1529 3013 victor
1546 2954 1634 3014 erat.

372 3068 441 3142 flu.
460 3061 501 3140 D
519 3083 557 3146 rt
574 3065 624 3140 in.
646 3063 760 3136 KarJ
764 3088 823 3135 an.
838 3062 900 3136 vii.
912 3061 975 3134 fer.
988 3063 1065 3132 lun.
1075 3083 1137 3130 xv.
1168 3057 1285 3140 Quies
1297 3059 1373 3132 Col.
1393 3061 1465 3136 Cir.
1481 3063 1531 3157 [S.
1543 3062 1735 3139 Columbae
1748 3065 1948 3162 Cellarunr]

374 3187 421 3260 V.
441 3187 532 3260 Idus
547 3187 569 3259 J
577 3185 664 3273 unii,
683 3209 741 3256 an.
752 3183 859 3257 etatis
874 3206 938 3255 suc
954 3181 1072 3258 lxxvi.
1126 3179 1231 3251 Mors
1239 3179 1391 3277 Eugain
1406 3209 1461 3258 mc
1476 3184 1681 3261 Gabhrur'n.
1694 3189 1866 3289 [Eoganii
1882 3192 1948 3266 filii

375 3308 597 3402 Cebbrani]
659 3308 729 3380 Vel
750 3305 785 3383 h.
805 3332 864 3382 an.
883 3305 986 3402 quies
1000 3303 1071 3402 Epi
1088 3302 1215 3380 Aedlra
1234 3304 1267 3380 ic
1283 3305 1405 3399 Bricc,
1422 3333 1506 3384 ocur
1519 3312 1645 3389 Aedra
1674 3336 1729 3390 mc
1747 3312 1945 3392 Brennum.

373 3431 486 3531 [Aedi
505 3431 570 3507 filii
590 3430 721 3520 Bricei,
737 3444 774 3502 ct
788 3428 882 3502 Aedi
899 3427 964 3501 filii
984 3425 1180 3503 Brenduni.
1198 3425 1261 3524 (4)

373 3627 1944 3659 --·—---——-—-—-———---——---—--

368 3756 414 3826 (1)
437 3733 528 3810 disin·
540 3750 659 3809 ribbntis
670 3750 780 3808 obitum
795 3752 923 3808 referunt
939 3749 980 3806 W
990 3749 1132 3826 Magistri
1142 3751 1177 3808 ad
1189 3770 1256 3808 ann.
1272 3758 1341 3821 589.
1363 3755 1518 3813 Alitleerunr
1532 3757 1594 3832 ejus
1607 3777 1798 3818 successorem
1808 3769 1947 3818 memorat

312 3844 326 3861 '⁹
370 3851 513 3908 Adanrnan
529 3851 584 3916 RQ,
598 3867 623 3905 c.
636 3854 665 3906 3.
710 3849 830 3905 Obitrnn
855 3846 974 3904 Alide-rr·
998 3847 1125 3905 referunt
1139 3847 1180 3905 lv
1193 3845 1464 3924 Magistriadenn.
1476 3859 1544 3920 595.
1587 3853 1632 3912 De
1646 3855 1711 3912 solis
1736 3854 1848 3913 deiectu
1863 3857 1946 3932 hujus

340 3982 346 3988 -
368 3948 434 4004 anni
448 3947 509 4003 ride
521 3944 642 4002 Dissert.
652 3944 772 4002 Prelr'm.
782 3943 856 4000 unde
868 3954 979 4000 constat
989 3960 1095 4000 annum
1104 3949 1164 4011 590
1174 3943 1236 4003 hor.
1247 3946 1414 4015 Annalium,
1422 3967 1483 4005 esse
1496 3949 1573 4005 AErae
1586 3951 1744 4008 communis
1755 3959 1824 4022 591,
1833 3972 1948 4011 eorum·

369 4062 423 4118 qne
438 4044 522 4100 fidem
535 4042 651 4100 calculis
665 4041 860 4100 astronomicis
874 4039 1045 4097 confirmari.
1088 4038 1147 4098 Art
1161 4039 1194 4097 de
1209 4039 1243 4098 V.
1254 4041 1293 4098 les
1305 4040 1407 4110 Dares,
1422 4055 1443 4101 t.
1459 4051 1484 4113 l,
1498 4064 1527 4121 p.
1537 4041 1586 4103 6³.

374 4142 418 4208 (Q)
439 4138 494 4202 liic
508 4151 548 4195 est
557 4140 631 4196 dirae
644 4138 801 4196 communis
816 4143 1108 4212 arruus599‚q110‚cx
1124 4136 1242 4195 calculis
1253 4139 1732 4219 Astronomicisconstat‚Eclipsirn
1742 4143 1807 4199 solis
1817 4143 1946 4198 incidisse

368 4234 396 4291 in
412 4233 484 4289 diern
506 4242 539 4300 19
564 4235 673 4297 Martii,
687 4235 757 4293 horn
780 4242 800 4304 9
824 4249 889 4292 ente
912 4235 1069 4301 meridiem,
1087 4233 1208 4310 Europae
1237 4236 1403 4295 eentrrdcm.
1447 4238 1503 4293 Are
1517 4236 1550 4292 de
1563 4235 1597 4293 V.
1612 4239 1650 4293 lea
1664 4237 1764 4305 Deles,
1780 4251 1801 4296 t.
1814 4245 1840 4304 1,
1856 4256 1882 4313 p.
1895 4233 1945 4296 68.

367 4331 441 4405 Ergo
456 4328 665 4386 accuratissime
678 4342 835 4386 memorant
847 4331 873 4386 iri
889 4332 1014 4388 Annales
1041 4334 1059 4362 “
1074 4329 1233 4386 matutinam
1248 4330 1445 4388 terrebrosam.”
1466 4331 1502 4387 ad
1516 4348 1622 4387 annum
1637 4339 1705 4400 591.

368 4431 416 4499 (3)
440 4426 513 4492 Quae
527 4436 628 4480 extant
641 4424 670 4480 in
684 4424 790 4480 Codice
806 4427 887 4482 Bodl.
899 4429 950 4482 sub
965 4445 1040 4481 unno
1049 4432 1117 4493 592,
1132 4427 1232 4483 desunt
1244 4428 1271 4482 in
1285 4425 1417 4484 Clarend.
1430 4424 1715 4500 49.-—Grcgorius
1726 4426 1857 4497 Magnus,
1866 4426 1945 4502 Papa

365 4523 414 4591 ds,
429 4522 523 4580 sedeur
540 4520 614 4578 Petri
630 4520 721 4577 renuit
736 4520 809 4576 edie
827 4527 861 4578 13
875 4522 1018 4595 Septemb.
1034 4540 1095 4596 quae
1109 4522 1162 4577 suit
1178 4523 1331 4579 Dominica
1344 4521 1409 4576 anni
1425 4526 1494 4588 590,
1508 4521 1544 4577 ad
1558 4520 1632 4576 diern
1649 4527 1682 4577 12
1697 4520 1795 4576 Martii
1807 4522 1873 4576 anni
1884 4517 1945 4581 604

364 4619 444 4676 annis
459 4619 518 4682 xiii,
534 4638 571 4675 rn.
583 4617 618 4685 ri,
636 4616 664 4674 d.
675 4636 703 4672 x.
747 4615 805 4671 Art
816 4615 848 4671 dc
864 4614 898 4672 V.
912 4616 950 4671 les
965 4615 1063 4682 Dares,
1079 4626 1097 4671 t.
1112 4624 1137 4683 Ι,
1153 4636 1180 4693 p.
1192 4624 1261 4685 245,
1276 4634 1338 4692 quse
1349 4615 1446 4671 omnia
1459 4616 1560 4671 horum
1576 4615 1728 4671 Annalium
1744 4616 1945 4676 auctoritatem

364 4715 509 4770 manifeste
523 4714 702 4780 confirmant,
715 4711 796 4769 simui
813 4729 878 4768 curn
895 4712 1004 4767 duabus
1019 4711 1178 4786 Eelipsibus
1192 4731 1292 4780 nnnor,
1300 4719 1370 4779 591,
1385 4722 1415 4768 et
1427 4711 1666 4779 59⁴2.--era‚
1680 4725 1708 4769 et
1723 4710 1822 4779 sarriri,
1838 4712 1866 4770 in
1877 4727 1945 4771 noto

364 4811 399 4867 nd
414 4811 481 4866 ded.
496 4809 514 4865 Ι.
527 4816 556 4878 Q,
571 4830 596 4867 c.
611 4809 757 4877 1‚.0birunr
773 4807 905 4884 Gregorii
921 4807 1043 4864 referunt
1055 4809 1089 4863 ad
1105 4827 1171 4865 ann.
1183 4805 1252 4876 605,
1266 4808 1313 4864 sed
1327 4824 1484 4883 perperam.
1513 4804 1821 4877 ridinfraamdos,
1835 4807 1949 4874 e1607.

367 4907 415 4976 (4)
440 4905 497 4960 ista
510 4906 545 4962 de
559 4905 670 4960 duobus
685 4906 768 4962 Aidis
781 4906 882 4961 desunt
896 4904 925 4961 in
949 4904 1020 4961 Cud.
1035 4903 1168 4961 Cinrcnd.
1182 4909 1231 4970 49.
1273 4903 1371 4979 Rogare
1399 4902 1474 4960 filius
1508 4901 1652 4962 Gaditani
1674 4906 1750 4962 idern
1771 4917 1814 4962 est
1836 4907 1943 4981 dequo

361 5003 505 5066 Adanmen
520 4999 613 5076 inquit
627 5004 647 5034 ‘⁴
663 5000 694 5060 S.
706 5000 877 5060 Coiurnbaru
891 5019 955 5058 curu
969 5000 1128 5079 praetulisse
1142 4999 1221 5058 fratri
1237 5000 1356 5073 Aidrmo,
1370 5011 1411 5071 at,
1429 5002 1465 5058 ab
1477 4999 1587 5078 Angelo
1601 5003 1790 5070 admonitum,
1814 5014 1901 5083 prout
1914 5000 1942 5060 irs
