4446 6000
628 561 1072 666 nnnorsrronns
1115 563 1189 625 nn
1228 562 1502 628 sanc.vrtt.
1677 612 1690 636 .
1754 536 1852 645 157

277 746 296 776 “
315 740 382 799 satis
392 759 452 797 esse
466 747 568 814 potest,
579 740 616 796 ad
631 741 857 797 confirmandam
871 740 1030 806 veritatem,
1054 757 1119 796 cnm
1135 737 1284 813 insignium
1299 738 1414 797 Patricii
1429 739 1570 815 Operum,
1584 745 1646 797 tnm
1658 739 1852 799 celeberrima

277 844 298 878 “
318 845 410 908 lamae,
424 863 487 920 quae
497 845 531 901 de
543 843 572 902 S.
582 845 654 902 Viro
664 847 700 901 ad
710 854 807 902 nostra
819 864 908 921 usque
923 854 1051 920 tempora
1065 843 1495 921 permanavit.''(l)-Hymnos
1510 843 1560 901 SS.
1574 844 1733 915 Columbae,
1748 854 1779 904 et
1792 846 1851 903 Co·

273 947 410 1016 lumbsni,
422 961 569 1006 recensent
580 947 710 1024 Lysenas,
722 948 842 1018 Sirinns,
857 947 995 1014 Canusina,
1008 944 1158 1022 Calganns,
1182 956 1211 1003 et
1231 947 1290 1016 alii,
1304 949 1351 1023 qui
1365 966 1413 1005 eos
1436 967 1472 1005 ex
1488 948 1682 1007 vetustissimis
1695 951 1810 1021 Galliae,
1823 961 1854 1010 et

273 1049 449 1107 Alemanniae
459 1051 613 1109 Codicibns
624 1053 760 1110 collectos
773 1052 934 1110 ediderunt.
959 1052 1099 1109 Praeterea
1112 1048 1274 1119 celestinus,
1288 1051 1337 1125 qni
1349 1050 1379 1107 S.
1389 1048 1555 1119 Patricium,
1570 1052 1731 1127 postulante
1741 1053 1770 1111 S.
1782 1036 1856 1112 Get·-

272 1173 368 1224 ruano,
389 1156 556 1213 Hiberniam
577 1157 663 1227 misit,
690 1157 832 1215 ordinavit
852 1170 885 1215 ut
906 1157 1011 1215 Psalmi
1026 1157 1121 1213 David
1134 1156 1185 1213 CL
1198 1167 1265 1213 ante
1289 1155 1459 1213 sacrificium
1480 1156 1669 1230 psallerentur
1681 1157 1853 1232 antiphona.

271 1257 333 1327 tim,
347 1259 422 1334 quod
434 1272 500 1316 ante
515 1278 570 1315 non
581 1259 675 1325 fiebat,
684 1259 775 1335 inquit
788 1258 963 1326 Anastasius,
975 1258 1023 1315 sed
1036 1265 1145 1314 tantum
1162 1257 1296 1334 Epistolae
1312 1258 1345 1316 B.
1360 1258 1441 1314 Pauli
1458 1258 1659 1329 recitabantur,
1673 1271 1702 1316 et
1716 1260 1746 1317 S.
1759 1261 1853 1317 Evan-

271 1361 388 1433 gelium.
431 1363 541 1419 Eadem
561 1361 596 1418 de
614 1362 761 1419 Celestino
775 1371 893 1419 testatur
906 1361 1042 1438 antiquus
1067 1361 1239 1418 Pontificum
1260 1361 1424 1436 catalogus,
1441 1363 1533 1420 editus
1546 1382 1582 1420 ex
1596 1363 1704 1422 Codice
1720 1364 1852 1422 Palatino

248 1456 250 1460 Α
270 1483 289 1521 a
308 1463 505 1534 schelestrate,
524 1483 608 1540 quem
623 1464 713 1520 citant
731 1463 919 1521 Henecdenius
940 1465 970 1520 in
992 1465 1072 1520 Actis
1084 1463 1134 1522 SS.
1149 1473 1177 1521 et
1192 1463 1345 1522 Gerbertus
1365 1462 1395 1520 in
1416 1465 1544 1523 Historia
1555 1466 1675 1526 Musicae
1689 1485 1778 1526 sacrae
1791 1477 1812 1526 t.
1826 1458 1860 1537 l,

269 1572 377 1641 p.·100,
390 1576 419 1622 et
433 1567 518 1623 Liber
528 1568 664 1624 Vetustus
676 1567 852 1624 Pontificalis
867 1567 1018 1624 consentit.
1318 1641 1328 1655 Ι

309 1671 376 1728 Jam
390 1689 458 1728 vero
474 1671 624 1727 manifesta
638 1682 681 1727 est
701 1670 820 1727 affinitas
833 1670 907 1727 inter
920 1671 994 1728 hanc
1008 1671 1141 1728 celestini
1157 1669 1373 1738 institutionem,
1386 1681 1417 1728 et
1430 1670 1622 1728 testimoninm
1645 1672 1800 1732 adductum
1815 1693 1853 1732 ex

270 1772 398 1830 Lelando
411 1777 432 1806 “
445 1772 631 1831 Constituisse
645 1772 675 1830 S.
686 1773 843 1830 Patricium
856 1782 888 1829 ut
901 1772 1006 1829 Psalmi
1021 1773 1239 1850 Antiphonatim
1253 1781 1425 1830 canerentur
1437 1791 1456 1829 a
1470 1773 1558 1830 choro
1572 1774 1609 1830 ad
1623 1774 1772 1845 chorum,”
1801 1778 1850 1851 (2)

270 1877 346 1949 quod
360 1875 556 1932 testimonium
569 1877 693 1933 refertur
707 1875 824 1951 pariter,
838 1895 875 1931 ex
892 1877 1045 1951 Anonymo
1060 1875 1327 1942 Malmesburiense,
1341 1893 1358 1929 a
1374 1872 1411 1930 W
1409 1892 1482 1930 aroea
1495 1876 1524 1930 in
1541 1873 1701 1949 Opusculis·
1710 1896 1772 1952 pag.
1784 1885 1851 1948 144,

268 1979 770 2055 etaGerbertatomol,pag.100.
814 1981 894 2048 llaec,
913 1980 1039 2055 inquam,
1060 1989 1120 2037 tam
1141 1980 1211 2036 mire
1233 1979 1414 2047 conveniunt,
1440 1988 1473 2035 ut
1496 1979 1531 2035 ad
1554 1980 1675 2036 eandem
1703 1980 1852 2056 Originem

268 2084 663 2141 necessarioreierendasint.
703 2083 895 2141 Psalmndism
919 2083 1137 2160 Antiphonatim
1156 2102 1174 2138 a
1202 2080 1290 2138 choro
1314 2082 1350 2140 ad
1365 2079 1497 2150 chorum,
1522 2081 1551 2138 in
1574 2085 1702 2160 acceptis
1726 2085 1854 2142 referunt

267 2185 418 2257 celestino,
426 2198 568 2263 quotquot
580 2189 682 2246 maedio
690 2205 750 2244 aevo
759 2187 794 2242 da
802 2186 913 2244 Officiis
925 2186 1036 2243 Divinis
1044 2187 1229 2260 scripserunt,
1243 2182 1394 2252 Alcuinns,
1408 2183 1582 2254 Amalarius,
1594 2184 1749 2243 Rhabanus
1764 2164 1852 2244 Mauss

268 2308 325 2358 rus,
339 2291 510 2349 Walalridus
525 2291 639 2356 Strabo,
654 2291 758 2358 Berua,
771 2289 919 2346 Marianus
930 2288 1068 2346 Scotusl.
1082 2294 1111 2356 2,
1127 2296 1157 2344 et
1170 2287 1331 2360 sigebertus
1344 2287 1379 2342 ad
1391 2305 1496 2343 annum
1507 2283 1576 2344 416.
1619 2288 1772 2347 Undenam
1785 2309 1854 2348 sero

269 2393 321 2451 uisi
343 2411 381 2448 es
403 2393 527 2467 genuino
550 2393 674 2448 veritatis
695 2393 782 2460 fonte,
807 2399 902 2466 posset
920 2390 984 2446 talis
998 2408 1065 2446 cum
1092 2389 1122 2447 S.
1134 2387 1252 2445 Patricii
1266 2386 1384 2444 historia
1399 2406 1553 2445 consensus
1567 2390 1708 2448 ullatenus
1723 2394 1852 2451 oriri?-

307 2495 466 2551 Venantius
486 2495 658 2552 Fortunatus
677 2495 774 2552 saeculi
797 2494 869 2551 sexti
892 2493 1022 2569 scriptor,
1046 2491 1238 2550 Psalmodiam
1254 2489 1452 2556 parisiensem,
1477 2489 1668 2550 Pontificante
1692 2492 1851 2566 Germano,

268 2597 438 2665 describens,
453 2597 635 2673 organorum
659 2596 798 2667 meminit,
821 2606 851 2654 et
874 2595 1079 2654 Thomassinus
1104 2595 1133 2651 in
1158 2595 1297 2651 Tractstu
1318 2593 1353 2648 de
1372 2591 1474 2650 Officia
1489 2591 1604 2666 Divino,
1639 2596 1676 2653 de
1703 2597 1860 2657 Fortunati¹

266 2702 456 2778 descriptione
470 2701 623 2775 inquit-“
638 2700 669 2756 ΙΙ
685 2719 705 2756 a
727 2719 812 2775 apae
828 2700 915 2756 eulalie
935 2698 974 2756 lea
993 2697 1128 2773 Orgnes.”
1182 2697 1250 2753 Non
1271 2697 1365 2753 audeo
1392 2695 1506 2771 quidem
1521 2715 1646 2756 asserere
1668 2698 1785 2776 Organa
1797 2703 1852 2760 ista

267 2805 336 2860 talia
348 2803 443 2870 fuisse,
464 2803 560 2878 qualia
580 2801 610 2859 in
634 2802 778 2859 Ecclesias
798 2800 1010 2866 occidentales,
1032 2801 1179 2874 Regnante
1200 2800 1305 2856 Carolo
1320 2800 1444 2874 Magno,
1458 2799 1623 2860 introducta
1644 2802 1732 2863 suere.
1773 2805 1850 2865 Illud

268 2917 362 2964 umen
385 2905 469 2983 plane
492 2915 614 2971 constat,
640 2915 750 2962 nostros
770 2903 906 2971 Annales,
940 2902 988 2978 qui
1021 2901 1137 2976 Organa
1164 2901 1332 2977 simpliciter
1354 2914 1525 2973 anemorant,
1553 2905 1638 2981 idque
1666 2907 1771 2964 saeculo
1793 2908 1853 2965 er

267 3009 383 3067 minime
395 3008 570 3081 rejiciendos
582 3001 653 3075 esse,
678 3008 764 3064 etiarn
775 3007 797 3063 si
808 3005 924 3081 Organa
938 3004 1131 3062 meminissent
1151 3004 1263 3062 Saecnlo
1275 3004 1343 3063 Vll.
1383 3004 1568 3063 Cassiodorus
1591 3008 1770 3068 Musicarum
1795 3011 1856 3069 tria»

265 3127 370 3189 genera
390 3111 547 3186 distinguit,
574 3116 594 3144 ‘⁶
611 3108 846 3177 Percussionalia,
882 3107 1046 3176 Tensibiiia,
1069 3118 1101 3165 et
1120 3107 1273 3185 Iayiatilia,
1297 3108 1390 3184 qualia
1415 3117 1479 3165 eunt
1493 3109 1849 3190 Organu.’.'--Operum

265 3225 336 3275 tom.
351 3223 380 3285 2,
396 3236 425 3291 p.
440 3211 510 3283 556,
521 3213 596 3290 apud
608 3213 784 3270 Gerbertum
799 3221 821 3268 t.
830 3218 860 3281 2,
874 3231 902 3288 p.
918 3207 990 3268 146.

320 3318 495 3375 Muratorius
518 3317 714 3375 testimoninm
735 3317 816 3373 affert
838 3313 927 3385 June,
962 3314 1092 3391 discipuli
1115 3314 1145 3373 S.
1155 3314 1328 3372 columbani
1349 3315 1403 3392 qui
1424 3327 1492 3374 ante
1514 3317 1715 3389 Fortunatam,
1741 3321 1855 3379 wenlo-

265 3422 319 3492 vt,
342 3424 371 3480 in
396 3421 567 3481 Praelatione
588 3419 624 3477 ad
650 3420 747 3477 Vitam
772 3418 802 3476 S.
821 3417 991 3488 Calnmlani,
1017 3418 1211 3495 inquit-‘⁴
1224 3420 1390 3496 Plerosque,
1422 3419 1532 3497 Orgnni
1557 3421 1679 3490 scilicet,
1704 3424 1847 3494 Bsalteri's,

264 3533 284 3563 ⁸⁴
304 3528 430 3586 Cithara
451 3526 550 3594 melos,
571 3542 642 3581 auru
655 3523 795 3600 oppletos,
809 3521 987 3598 mollissaepe
999 3542 1097 3581 arenae
1111 3523 1296 3581 modulamini
1311 3524 1673 3584 auditumaccomodare.”
1687 3527 1734 3600 (3)
1775 3528 1848 3586 Haec

263 3635 391 3696 coaffert
401 3631 590 3697 Muratorius,
604 3636 637 3684 ut
650 3626 768 3702 Organa
790 3625 869 3710 italis
893 3625 1032 3699 tuncjam
1055 3627 1160 3714 nsitpta
1172 3630 1322 3686 ostendat..
1353 3629 1445 3687 Addit
1465 3643 1561 3688 tamen
1589 3632 1769 3707 exploratum
1790 3652 1848 3691 noa

262 3755 332 3804 esse,
351 3734 420 3811 quid
433 3732 615 3807 Organornm
629 3748 708 3798 voce,
729 3738 840 3786 vere-et
863 3729 994 3805 proprie,
1010 3727 1109 3799 Jonas,
1132 3740 1167 3787 et·
1180 3729 1351 3788 Fortunatus
1378 3732 1534 3806 designent.
1574 3730 1723 3808 Quidquid
1746 3744 1846 3792 autern

263 3835 438 3911 Organortan
446 3850 521 3903 ⁸noce
531 3830 737 3897 intellexerint,
751 3840 861 3887 certum
876 3841 919 3888 est
934 3851 971 3889 ex
982 3832 1076 3902 dictis,
1097 3850 1194 3891 errare
1207 3832 1401 3889 Christianum
1414 3832 1537 3907 Lupum,
1559 3833 1615 3907 qui.
1629 3853 1667 3890 ex
1690 3834 1848 3891 idonedeno

262 3941 360 4008 refert,
376 3936 529 4004 Hibernos,
547 3936 684 4008 usquead
707 3932 736 3990 S.
751 3934 906 3991 Malachiae
921 3936 1078 4003 Dunensis,
1098 3936 1260 3993 etHanrici
1275 3936 1303 3992 11
1328 3937 1411 4010 Regis
1432 3935 1543 4011 Angtiae
1567 3945 1707 4011 tempora,
1731 3946 1848 3994 cantum

264 4038 497 4101 Ecclesiasticum
511 4035 621 4110 penitus
631 4035 783 4110 ignorasse.
796 4038 849 4108 (4)·
887 4037 1029 4112 Ejusdem
1051 4039 1154 4097 erroris
1178 4039 1359 4096 conuincitur
1372 4038 1458 4095 etiam
1482 4037 1670 4094 Doctissimus
1689 4036 1847 4097 Gerbertns
1950 4085 1954 4095 .

263 4148 362 4204 Abbas
375 4141 434 4219 qui,
447 4139 477 4195 in
489 4137 617 4194 llistoria
632 4135 753 4192 Musicae
765 4154 853 4192 sacre
867 4145 887 4194 t.
900 4145 928 4208 2,
940 4159 967 4215 p.
975 4147 1025 4208 42,
1039 4151 1137 4199 narrat
1151 4160 1189 4198 err
1201 4140 1229 4197 S.
1252 4142 1407 4210 Bernardo,
1422 4139 1538 4196 Canium
1559 4158 1643 4214 usque
1662 4139 1700 4195 ad
1712 4138 1846 4199 Surculum

264 4249 323 4308 1111
337 4249 366 4304 in
380 4243 516 4302 Hibernia
527 4239 774 4308 inauditnm,.tunc
792 4239 911 4312 primum
924 4258 942 4296 a
956 4242 985 4298 S.
1000 4242 1148 4299 Malachin
1161 4241 1356 4298 introductum
1372 4241 1542 4300 fuisse-S.
1552 4242 1688 4299 Bernardi
1701 4245 1786 4300 verba
1795 4263 1847 4302 no-

263 4352 352 4410 tanda
361 4358 427 4407 sunt
448 4350 467 4380 ‘⁴
478 4343 659 4422 Apostolicas
677 4343 851 4414 sanctiones,
865 4361 899 4400 ac
911 4345 1028 4402 decreta
1038 4345 1089 4403 SS.
1103 4346 1160 4403 ΡΡ.
1170 4343 1379 4420 praecipuaeque
1389 4344 1608 4403 consuetudines
1621 4345 1650 4403 S.
1663 4346 1698 4403 tt.
1711 4346 1849 4405 Ecclesia

263 4644 307 4709 (1)
351 4640 449 4692 aratori·
457 4643 584 4692 Anecdote
594 4658 623 4690 ex
634 4641 743 4690 Codierln
754 4640 870 4689 Biblioth.
882 4640 991 4689 Ambros.
999 4650 1017 4688 t.
1028 4641 1060 4697 ir,
1069 4657 1094 4704 p.
1106 4643 1162 4691 125.
1197 4642 1298 4690 Gerbert
1308 4648 1327 4689 t.
1341 4648 1363 4698 1,
1374 4657 1400 4705 p.
1407 4645 1500 4698 80,st

258 4725 309 4791 (1)
317 4725 407 4772 tenna
417 4738 447 4770 ex
456 4723 576 4772 Chronico
586 4723 709 4788 Ansmytai
721 4721 948 4777 Malmesbnriensis,
959 4720 1092 4777 Collectan,
1106 4730 1122 4770 t.
1135 4727 1158 4778 2,
1169 4738 1193 4786 p.
1204 4723 1261 4769 sot.

261 4804 304 4869 (3)
321 4803 386 4851 Edit.
396 4802 466 4849 Sirini
477 4803 500 4848 in
509 4801 645 4851 collectan.
656 4805 721 4852 Saer.
732 4818 788 4865 pag.
801 4805 858 4850 215.
1109 4804 1112 4809 ’

259 4885 302 4950 (4)
319 4885 406 4946 Lupus
418 4882 514 4929 Sclrolia
525 4885 557 4929 ad
569 4882 655 4930 Cenon
665 4886 699 4931 ⁷5
716 4883 800 4930 Canett
812 4882 990 4931 rmrnntson.
997 4885 1024 4941 3,
1037 4897 1062 4946 p.
1076 4884 1131 4932 135.
1161 4882 1208 4940 Qui
1229 4883 1299 4946 plora
1310 4880 1377 4943 cupit
1392 4879 1424 4927 de
1445 4877 1626 4928 introductione
1635 4877 1727 4928 Cautus
1737 4878 1845 4932 Romani

259 4965 332 5012 adest
343 4958 557 5011 rueramus
568 4960 669 5010 Curibus
680 4962 823 5010 Moauterii
834 4962 960 5012 Hiberaiei
966 4964 990 5013 S.
1000 4962 1067 5012 thli
1078 4963 1103 5012 in
1112 4963 1237 5020 Helvetia,
1244 4960 1455 5026 spadonum
1463 4957 1524 5008 Ber.
1532 4956 1644 5009 uenas
1651 4959 1784 5027 Scriptores
1794 4971 1812 5013 t.
1819 4969 1843 5021 t,

259 5053 286 5095 et
296 5045 394 5094 Natlneri
404 5042 595 5105 Respousiauern
601 5041 633 5088 ad
644 5041 768 5090 [antbert.
781 5044 846 5104 apud
858 5042 974 5092 natans
983 5042 1074 5093 danai
1085 5052 1104 5090 t.
1116 5043 1149 5098 ir,
1161 5057 1186 5106 p.
1195 5045 1253 5092 680·
