4446 6000
604 600 608 609 ,
671 548 1105 614 ΑΝΝοΤΑΤιοΝΕε
1147 548 1221 610 An
1262 523 1570 611 santur.
1746 511 1854 612 ltib

283 735 405 815 pretiosa
417 735 484 793 inde
495 734 616 810 direpte,
627 732 647 790 i.
657 752 683 790 e.
695 733 797 807 effigies
811 731 910 806 templi
920 730 1110 807 Solymarum,
1129 748 1215 806 quam
1231 729 1308 786 dedit
1319 732 1383 788 Rex
1394 749 1412 786 o
1423 728 1582 786 Metachlin
1597 728 1671 786 filius
1681 726 1859 786 Dombnalli.

743 835 898 893 Duncbadi
921 835 971 892 filii
996 833 1107 903 Flanni,
1122 844 1151 890 et
1174 832 1227 890 tria
1243 833 1364 892 Cimelia
1384 833 1508 908 pretiosa
1529 850 1593 907 quae
1617 832 1695 890 dedit
1708 832 1862 890 Tirdelbac

282 940 424 1010 O'Conor,
439 939 457 995 i.
468 959 494 997 e.
507 940 648 998 Poculum
661 949 836 1015 argenteum,
850 949 880 996 et
893 939 984 995 Pelvis
994 949 1154 1013 argenteus,
1166 937 1272 995 habens
1290 957 1404 995 crucem
1419 956 1537 994 aureum
1558 936 1691 1010 desuper,
1712 948 1741 994 et
1759 935 1858 993 Cornu

280 1063 409 1114 aureum,
423 1055 454 1103 et
472 1045 570 1102 Cornu
583 1043 714 1102 O'Rr'ade
728 1044 811 1120 Regis
824 1042 949 1112 Aradiae,
975 1049 1005 1098 et
1030 1040 1114 1099 Calix
1129 1053 1276 1115 argenteus
1291 1059 1358 1098 cum
1372 1041 1544 1098 ornamentis
1568 1039 1630 1096 auri
1657 1039 1767 1115 optimi,
1791 1058 1857 1099 cum

280 1167 332 1205 sua
341 1166 438 1223 capsa,
450 1146 557 1204 donum
568 1146 633 1203 filiae
647 1146 780 1204 Roderici
794 1144 938 1214 O⁷C0nor,
952 1155 981 1200 et
993 1144 1085 1200 Pelvis
1099 1155 1247 1220 argenteus
1261 1146 1336 1202 Celsi
1347 1145 1516 1202 Comhorboe
1531 1144 1560 1202 S.
1574 1143 1702 1202 Patricii.

321 1251 426 1310 Errant
443 1270 521 1327 ergo,
541 1251 589 1326 qui
604 1270 641 1307 ex
656 1250 745 1306 verbis
759 1250 789 1306 S.
803 1249 949 1317 Bemardi,
960 1266 1027 1306 curn
1042 1249 1152 1304 Waraeo
1176 1259 1313 1316 asserunt,
1334 1267 1391 1306 non
1418 1248 1546 1305 extitisse
1559 1248 1616 1304 alia
1630 1266 1715 1323 quarn
1737 1247 1859 1304 aediticia

280 1355 374 1431 lignea
387 1368 454 1414 ante
463 1367 593 1431 tempora
610 1353 640 1410 S.
655 1351 822 1421 Malachiae,
836 1361 866 1410 et
887 1353 992 1427 pariter
1002 1360 1098 1409 errant
1112 1351 1161 1426 qui
1175 1352 1323 1428 pecuniam
1345 1353 1374 1408 in
1393 1351 1531 1408 Hibernia
1552 1361 1621 1409 ante
1644 1352 1794 1407 Danorum
1806 1351 1858 1408 ad·

280 1468 395 1515 ventum
409 1458 534 1533 ignotam
555 1456 640 1513 luisse
660 1456 724 1513 ideo
739 1468 876 1524 asserunt,
901 1458 970 1533 quia
987 1456 1085 1532 vulgus
1100 1476 1157 1513 non
1177 1456 1261 1513 aliter
1273 1474 1359 1531 quam
1381 1457 1480 1524 bobus,
1501 1465 1531 1511 et
1545 1455 1704 1531 pecoribus,
1729 1474 1772 1511 res
1794 1474 1859 1514 suas

279 1566 411 1631 vendere,
438 1575 469 1621 et
492 1563 631 1620 aestimare
644 1561 784 1619 solebant.
826 1561 976 1636 Magnetes
990 1564 1066 1618 enlm
1088 1561 1241 1618 studebant
1264 1560 1366 1627 cultui,
1378 1568 1408 1616 et
1434 1558 1602 1615 humaniore
1622 1558 1724 1633 agendi
1738 1559 1858 1630 maone,

280 1671 419 1726 bonarum
435 1667 548 1724 Artium
563 1665 673 1734 studiis,
690 1665 887 1723 Ecclesiamm
898 1666 1021 1735 ornetuI,
1042 1675 1071 1722 et
1084 1666 1179 1734 nitori,
1202 1675 1233 1721 et
1257 1662 1468 1720 Monechorum
1492 1663 1691 1739 tranquillitati
1717 1664 1859 1723 favebant.

280 1772 358 1828 HInc
377 1772 450 1828 inter
468 1769 679 1846 antiquissimos
692 1770 824 1827 Canones
839 1771 868 1827 S.
884 1770 1012 1839 Patricii,
1039 1771 1084 1842 (1)
1108 1787 1199 1827 nonus
1212 1778 1254 1825 est
1267 1772 1285 1798 “
1301 1766 1348 1822 De
1362 1765 1512 1822 collectura
1523 1765 1671 1840 peecata?
1712 1767 1860 1825 Secundus

278 1873 429 1931 Cenonum
443 1892 513 1949 quos
528 1892 565 1931 ex
577 1872 686 1929 Codice
704 1871 935 1946 Cantabmgiense
946 1873 1096 1929 ediderunt
1110 1873 1255 1948 Spelman,
1277 1882 1307 1928 ct
1319 1872 1352 1927 W
1354 1888 1456 1940 araeus,
1470 1871 1584 1946 respicit
1597 1889 1663 1928 eum
1677 1870 1725 1947 qni
1749 1871 1862 1928 furatus·
1978 1874 1981 1880 '

278 1975 366 2034 fuerit
378 1977 520 2051 pecuniam
535 1978 581 2032 De
593 1975 751 2033 Ecclesia.’'
766 1978 811 2047 (2)
851 1977 992 2034 Veterum
1018 1977 1221 2033 numismatum
1235 1976 1457 2033 Hibernicorum
1471 1988 1575 2052 ectypa
1595 1977 1709 2034 edidere
1723 1976 1858 2046 Weroeus,

278 2094 308 2138 et
320 2082 434 2156 Gough.
453 2083 497 2154 (3)
518 2080 703 2151 LanIrancus,
714 2082 743 2139 in
757 2081 886 2157 Epistola
899 2083 936 2139 ad
949 2081 1152 2140 Ticdelbecum
1166 2079 1311 2138 Hiberniae
1325 2080 1430 2155 Regem
1441 2098 1516 2137 anno
1532 2084 1618 2149 1074,
1641 2080 1787 2158 Episcopis
1802 2081 1856 2138 lli·

276 2186 383 2244 berniae
411 2188 627 2263 exprobret—“
638 2188 714 2263 quod
728 2185 808 2242 Sacri
818 2185 931 2243 ordines
941 2203 993 2261 per
1003 2185 1144 2258 pecaniam
1158 2183 1290 2244 dantur.’'
1332 2183 1466 2241 Alcetidas
1479 2186 1584 2243 saeculo
1597 2185 1683 2256 VIII,
1705 2187 1804 2246 scribit
1816 2186 1856 2245 ad

275 2289 397 2348 Colcum
413 2291 574 2357 Lecturam,
599 2290 641 2364 [id
662 2299 704 2345 est
726 2289 780 2346 Fer
798 2289 913 2363 teigind,
946 2285 1126 2360 Hibernice,]
1169 2285 1213 2343 his
1241 2288 1418 2345 verbis-··“
1434 2291 1500 2347 Misi
1522 2291 1546 2348 1.
1567 2291 1650 2349 elclos
1669 2290 1800 2350 tratribus
1824 2293 1861 2352 de

278 2397 300 2427 ‘⁴
320 2394 500 2467 eleemosyna
512 2392 610 2448 Caroli
625 2392 719 2466 Regis,
743 2393 860 2448 obsoero
882 2402 914 2448 ut
940 2408 991 2466 pro
1005 2409 1040 2446 eo
1053 2390 1148 2457 oretis,
1162 2400 1191 2445 et
1201 2389 1236 2446 de
1250 2409 1314 2447 mea
1327 2392 1507 2469 eleemosyna
1520 2393 1544 2449 L
1565 2393 1657 2460 siclos,
1681 2403 1711 2450 et
1731 2394 1768 2451 ad
1782 2397 1860 2452 Ans·

280 2500 301 2530 “
322 2497 406 2556 trales
418 2496 518 2554 tratres
530 2496 747 2573 Buldbnnincge
773 2496 840 2573 [i.e.
860 2495 953 2553 Baille
967 2495 1128 2570 chuinnegh
1144 2495 1177 2552 M
1179 2496 1351 2552 onasterium
1361 2496 1389 2553 in
1403 2492 1533 2568 Ossoria]
1556 2516 1618 2553 xxx
1628 2496 1720 2554 SIclos
1734 2497 1771 2555 de
1781 2498 1856 2555 elee-

279 2605 299 2635 “
320 2620 441 2678 mosyna
464 2602 560 2677 Regis,
580 2611 611 2660 et
634 2619 696 2658 xxx
711 2602 748 2658 de
761 2601 945 2677 eleemosyna
960 2618 1033 2668 mea,
1058 2609 1089 2658 et
1102 2618 1143 2655 xx
1158 2597 1248 2654 Siclos
1263 2599 1299 2656 de
1309 2599 1491 2675 eleemosyna
1500 2598 1593 2657 Patris
1603 2599 1717 2656 familie
1730 2600 1856 2673 Aradiae,

280 2708 299 2738 ‘⁸
320 2714 351 2762 et
363 2725 404 2762 xx
417 2705 453 2762 de
463 2705 646 2779 eleemosyna
658 2723 732 2773 mea,
746 2715 776 2762 et
790 2723 842 2780 per
854 2704 982 2778 singulos>
997 2701 1190 2761 Anacboritas
1214 2710 1269 2759 tres
1284 2702 1375 2760 Siclos
1386 2701 1421 2758 de
1432 2721 1504 2779 puro
1518 2711 1644 2779 argento,
1658 2711 1691 2760 ut
1703 2703 1744 2761 illi
1759 2722 1859 2768 ornnes

280 2816 302 2846 “
320 2820 406 2870 orent
419 2831 470 2888 pro
486 2812 613 2868 Domino
627 2812 703 2886 Rege
717 2811 850 2868 Carolo.''
860 2815 906 2884 (4)

321 2917 367 2973 Ex
380 2917 434 2982 his,
444 2916 549 2974 erroris
562 2915 690 2990 arguitur
700 2916 900 2985 PInkertonus,
915 2915 962 2991 qui
975 2916 1004 2971 in
1015 2914 1114 2991 Opere
1127 2915 1162 2972 de
1175 2915 1391 2991 antiquitatibus
1405 2915 1619 2985 numismaticis,
1637 2917 1682 2988 (5)
1696 2916 1858 2992 dogmatice

278 3021 380 3080 asserit
404 3021 586 3078 Nurnismata
608 3039 722 3096 prorsus
745 3022 842 3097 ignote
856 3021 941 3079 fuisse
967 3022 996 3078 in
1012 3020 1150 3079 Hibernia
1165 3030 1231 3078 ante
1254 3020 1391 3077 seculum
1405 3021 1474 3077 XlI.
1532 3022 1560 3078 Si
1587 3023 1616 3079 id
1637 3021 1802 3080 asseruisset
1824 3021 1860 3084 de

277 3124 375 3184 Scotia
390 3124 557 3195 recentiore,
583 3125 683 3184 liceret
704 3126 832 3201 quidem,
850 3146 917 3185 cum
939 3125 1095 3184 doctissimi
1120 3125 1199 3182 istius
1223 3124 1325 3183 Gentis
1348 3124 1376 3181 id
1391 3136 1557 3192 assererent,
1583 3121 1630 3199 (6)
1654 3134 1683 3182 et
1708 3144 1768 3182 mos
1783 3127 1857 3184 aesti·

277 3230 373 3287 mandi
388 3248 508 3288 numero
522 3230 765 3299 teramnensem
774 3230 824 3298 ibi,
836 3229 927 3305 Regni
940 3229 1046 3305 legibus
1059 3229 1209 3297 stabilitus,
1224 3229 1358 3304 usquead
1368 3228 1503 3286 saeculum
1515 3229 1601 3298 XIII,
1610 3230 1653 3302 (7)
1666 3247 1758 3306 neque
1772 3230 1872 3306 possit·

277 3332 367 3390 ullum
382 3333 458 3408 quod
472 3332 571 3399 sciam
588 3333 693 3392 vetusti
707 3334 832 3391 auctoris
845 3334 1154 3402 testimouiumetterri,
1181 3350 1238 3408 quo
1252 3332 1402 3408 pecumm
1412 3340 1483 3389 ente
1496 3332 1633 3390 saeculum
1647 3332 1707 3389 XII
1720 3334 1748 3389 in
1761 3332 1859 3391 Scotie

277 3437 434 3495 recentiore
448 3438 477 3495 in
488 3457 543 3496 usu
554 3437 638 3496 fuisse
651 3439 864 3514 comprobetur.

318 3543 389 3601 Esto
402 3543 488 3617 igitur
501 3542 622 3600 Hibemi
632 3561 725 3620 usque
734 3543 770 3600 ed
784 3543 921 3603 saeculurn
931 3541 1002 3612 XII,
1025 3560 1162 3619 pecorum
1174 3544 1304 3600 et’boum
1318 3560 1437 3601 numero
1450 3560 1493 3599 res
1506 3540 1659 3599 vendibiles
1672 3541 1861 3600 aestimabant.

277 3650 329 3716 At,
340 3648 524 3705 auctoritates
538 3647 713 3723 producunt,
742 3647 849 3722 quibus
854 3646 1000 3721 pecuniam
1013 3648 1043 3704 iu
1055 3666 1108 3706 usu
1123 3648 1208 3705 suisse
1222 3648 1427 3714 demonstrant,
1450 3666 1486 3704 en
1500 3646 1857 3722 disparitas—Pecuniam

276 3749 306 3807 in
319 3769 372 3808 usu
386 3751 471 3807 tuisse
483 3750 559 3808 inter
573 3750 672 3806 Dauos
691 3748 821 3805 Dublinii
836 3768 920 3806 nemo
939 3749 1101 3808 indubium
1112 3769 1245 3809 revocare
1261 3752 1381 3821 videtur,
1394 3760 1521 3808 ettamen
1535 3752 1570 3807 de
1583 3750 1683 3807 iisdem
1695 3749 1754 3807 istis
1768 3749 1869 3808 Danis-

277 3851 339 3908 Iraec
352 3851 458 3908 babent
468 3850 596 3908 Annales
611 3850 792 3908 Ultonienses
805 3852 841 3908 ad
856 3870 965 3910 annum
982 3859 1070 3920 1029.
1485 3843 1488 3849 ’

318 3954 457 4010 Mxxrx.
499 3951 592 4006 Amtai
603 3969 663 4007 mne
675 3949 784 4007 sitriae
798 3953 826 4009 ri
840 3953 910 4011 Gali
922 3955 957 4012 do
971 3954 1097 4032 ergnbut‘t
1109 3956 1144 4014 do
1158 3955 1353 4032 Mutdgomein
1367 3956 1397 4013 di
1410 3955 1535 4032 Riogain
1549 3955 1576 4010 ri
1587 3954 1665 4028 Breg
1678 3950 1858 4028 cofargaibd·

275 4059 314 4116 da
327 4076 342 4114 c
356 4057 405 4115 dee
416 4058 449 4113 bo
458 4058 479 4117 7·
492 4054 520 4111 vi
526 4075 577 4138 aar
583 4052 659 4112 auct
672 4055 828 4112 mbretnacd
852 4062 871 4120 7
883 4058 966 4115 ctoidi
977 4057 1094 4116 Cortum
1107 4064 1125 4122 7
1139 4061 1214 4117 aiem
1226 4060 1364 4135 goedieol,
1378 4060 1448 4116 ettir
1462 4058 1583 4133 laignio
1596 4063 1614 4122 7
1630 4055 1798 4122 letdcuind7
1814 4058 1855 4115 tri

275 4184 318 4222 xx
331 4160 451 4238 ungado
465 4165 550 4236 urget
560 4156 623 4234 gtit
636 4157 664 4213 in
677 4174 696 4212 a
716 4175 806 4232 anger
823 4159 983 4234 geimdtecd.
1025 4162 1147 4238 [Amlatl
1167 4163 1239 4220 filius
1261 4164 1365 4232 Sitriei,
1388 4182 1438 4220 rex
1452 4161 1694 4239 Alienigenamm,
1712 4173 1812 4242 ceptus
1837 4186 1856 4225 a

277 4266 483 4342 Mathgameno
497 4263 636 4339 O’Regan
649 4279 712 4336 rege
726 4261 845 4337 Bregiae,
856 4274 885 4321 et
898 4263 1039 4339 captivate
1052 4265 1203 4334 dedentes,
1213 4255 1304 4323 donec
1315 4267 1399 4323 solvit
1411 4284 1462 4344 pro
1477 4266 1553 4343 lytro
1563 4274 1623 4326 210
1635 4288 1747 4343 vaccas,
1757 4280 1786 4329 et
1799 4278 1856 4330 120

292 4562 336 4627 (1)
351 4565 415 4611 Vide
427 4579 498 4625 snpra
509 4579 533 4625 p.
541 4565 596 4617 149,
608 4568 633 4609 et
643 4561 731 4609 Waraei
743 4561 866 4624 Opuscuts
877 4576 902 4624 p.
914 4565 955 4609 tr.
1086 4562 1130 4626 (2)
1146 4563 1183 4611 lb.
1197 4579 1221 4627 p.
1232 4567 1272 4612 47.

291 4643 335 4706 (8)
352 4643 437 4689 Warai
449 4643 532 4705 Antiq.
543 4658 567 4704 p.
581 4644 635 4689 130.
779 4640 823 4703 (4)
837 4641 900 4690 Vide
910 4657 981 4705 snpra
992 4657 1017 4704 p.
1030 4644 1084 4691 131.
1150 4643 1193 4706 (5)
1209 4643 1340 4695 Pintertou
1351 4661 1381 4697 oe
1392 4645 1476 4698 Color.

293 4724 338 4784 (6)
355 4720 495 4769 Ruddlnren
506 4721 599 4770 Introd.
612 4728 636 4768 to
647 4720 795 4770 Anderson’e
806 4721 953 4788 Diplomats,
970 4721 1119 4788 Edinburgh,
1130 4728 1202 4783 1773,
1213 4741 1238 4790 p.
1250 4729 1309 4775 117.

292 4803 336 4865 (t)
345 4801 395 4850 ·Du
406 4799 492 4864 Cauge
499 4800 605 4852 Glosssr.
615 4817 675 4852 voce
690 4803 777 4853 Vacca.
