4446 6000
311 520 411 635 rra
694 547 1136 614 xnuonnnrouns
1178 548 1251 613 An
1290 549 1564 618 snc.r111.

350 732 394 789 Ex
418 731 461 789 lris
484 730 614 788 omnibus
634 738 754 799 constat,
776 729 1002 797 Gronrmoticonr,
1023 727 1243 800 Aritimeticom,
1265 729 1416 802 Poeticam,
1444 733 1660 804 Astronomionr,
1686 735 1886 813 neomeniam,

318 832 377 890 sire
390 832 588 899 Marionirorn,
599 831 795 897 Diolecticom,
807 830 925 888 Manca
937 832 1015 887 Artis
1031 832 1151 907 regulas,
1164 832 1193 889 in
1210 833 1400 892 llibernorum
1415 834 1526 892 Scholia·
1539 837 1636 893 solitas
1647 838 1770 898 edoceri.
1805 842 1886 900 Hibe

313 952 390 997 recte
404 938 612 1012 docetl'leury,
633 935 842 1023 Columbanurp
866 933 894 989 in
908 933 951 990 bis
970 934 1098 1004 Artibus,
1112 934 1142 990 in
1163 936 1258 992 Patria
1279 939 1420 995 eruditum
1436 938 1529 996 fuisse.
1563 945 1582 973 “
1595 940 1764 1011 Colomban,
1791 941 1828 1000 nb
1843 964 1883 1002 en

313 1045 335 1076 “
358 1040 468 1098 lrlande
483 1058 542 1096 vers
553 1039 608 1096 l'an
623 1035 692 1106 560,
707 1038 802 1113 apprit
822 1032 871 1093 dbs
885 1055 915 1092 sa
924 1035 1067 1109 jeunesse‚
1081 1037 1122 1093 les
1135 1040 1206 1095 Arta
1220 1037 1351 1109 liberarer,
1365 1040 1393 1096 la
1405 1040 1590 1111 Granrmoire,
1614 1043 1645 1100 la
1662 1041 1839 1120 Riitorique,
1853 1045 1884 1102 la

313 1147 333 1179 ‘⁸
355 1141 652 1200 Garmtrrie.”-Hisr.
664 1140 744 1198 Eccl.
757 1139 834 1207 Las,
850 1159 876 1195 n.
891 1146 920 1206 9.
962 1139 1070 1197 Eadem
1085 1141 1172 1198 tradit
1185 1140 1286 1210 Jonas,
1314 1143 1485 1201 Columbani
1508 1145 1672 1223 discipulus,
1684 1158 1714 1205 et
1727 1147 1787 1218 alii,
1801 1168 1885 1225 quos,

314 1249 419 1322 absque
440 1246 526 1302 nimia
540 1243 715 1320 prolixitate,
730 1261 844 1318 nequeo
858 1260 1033 1299 enumerare.

354 1349 459 1405 Dolent
476 1347 605 1414 ilibemi,
620 1347 764 1419 blajorum
776 1363 891 1402 auorum
906 1343 1007 1402 merita
1021 1345 1049 1401 in
1067 1345 1313 1420 Anglo=Saxones,
1326 1367 1344 1404 a
1362 1346 1449 1416 Beda,
1465 1348 1618 1421 antelmo,
1632 1361 1662 1410 et
1673 1351 1742 1410 aliis
1756 1353 1882 1425 laudata,

314 1477 371 1515 non
391 1457 489 1513 endem
512 1453 708 1512 benevolentia
722 1473 740 1509 a
755 1451 962 1510 recentioribus
977 1450 1075 1525 Anglis
1094 1452 1255 1521 memorari,
1270 1470 1327 1526 qua
1340 1451 1443 1508 merita
1456 1451 1486 1509 in
1499 1453 1610 1528 Belgas,
1625 1454 1735 1527 Gallos,
1750 1456 1886 1517 Aleman-

314 1578 375 1630 nos,
399 1559 554 1628 Helvetios,
584 1560 620 1615 ab
640 1560 757 1615 istarum
782 1555 918 1613 Gentium
941 1556 1042 1613 Doctis
1063 1565 1255 1613 recensentur.
1303 1554 1464 1624 Getieum,
1499 1556 1685 1630 Alemannis,
1710 1562 1794 1636 plane
1814 1562 1885 1622 iate·

314 1674 363 1721 tur
383 1667 402 1696 ‘⁴
415 1682 452 1719 ex
475 1662 633 1738 Hybernia,
656 1679 722 1718 curn
743 1658 873 1715 instituto
888 1657 1061 1728 Illonastico,
1086 1657 1151 1714 fidei
1174 1658 1260 1714 etiam
1272 1657 1440 1731 potissimum
1461 1659 1549 1717 lumea
1571 1660 1731 1719 inclaruisse
1756 1663 1784 1721 ia
1809 1664 1884 1723 Ger·

314 1773 334 1802 ‘⁴
350 1768 450 1835 monio,
470 1776 499 1821 et
519 1764 652 1821 asservari
676 1761 770 1819 adhuc
784 1761 920 1818 Codicem
935 1760 1150 1836 Evangeliorum
1164 1759 1324 1830 S.Kilioni,
1347 1780 1381 1818 ac
1405 1762 1565 1834 Sociorum,
1590 1764 1747 1841 Herbipoli,
1768 1767 1804 1824 de
1827 1786 1885 1844 quo

314 1876 335 1904 “
350 1880 428 1926 vetus
439 1868 553 1925 traditio
568 1878 621 1936 est,
636 1884 719 1923 usum
734 1883 769 1921 eo
784 1863 867 1920 inisse
880 1863 948 1919 dum
961 1881 1044 1920 sacra
1063 1872 1218 1938 perageret.
1261 1865 1294 1921 ln
1319 1866 1400 1937 cujus
1415 1866 1455 1923 rei
1471 1866 1646 1936 memoriam,
1661 1869 1777 1944 singulis
1795 1872 1885 1942 onais,

314 1977 335 2007 “
350 1973 378 2029 in
393 1972 453 2045 ejus
467 1970 626 2037 festivitate,
648 1971 716 2025 durn
732 1965 836 2023 Divina
860 1965 1049 2035 celebrantur,
1070 1965 1099 2021 in
1118 1965 1213 2022 Artori
1223 1968 1324 2041 mpori
1337 1986 1444 2024 summa
1456 1968 1536 2025 AEdia
1550 1969 1718 2043 reponitur?
1742 1970 1788 2041 (ll

358 2072 444 2141 Quod
465 2072 486 2129 si
506 2070 608 2129 eadem
621 2069 860 2127 curaadservatus
875 2068 972 2124 suisset
984 2067 1085 2125 Codex
1101 2067 1271 2126 Hibernicus
1286 2068 1332 2127 De
1343 2070 1424 2128 Locis
1440 2070 1558 2140 Sanctio,
1579 2088 1664 2146 quern
1684 2074 1882 2147 Adamnanus,

316 2177 438 2252 Legatus
451 2194 468 2232 a
483 2175 558 2249 Rege
572 2173 717 2231 Hibernia
732 2173 840 2241 missus,
851 2172 921 2246 Regi
933 2171 1066 2228 Aldfrido
1086 2173 1273 2247 praesentavit‚
1291 2175 1435 2232 mansisset
1449 2193 1536 2250 usque
1548 2173 1631 2233 hodie
1645 2176 1759 2234 Artium
1776 2177 1884 2237 Hiber·

316 2279 370 2338 nire
384 2278 517 2353 Antiquae
539 2275 794 2353 splendidissimum
817 2275 1052 2344 Monumentum,
1071 2293 1164 2350 neque
1186 2285 1334 2351 tantopere
1348 2277 1503 2335 dolendum
1518 2287 1599 2349 esset,
1613 2286 1656 2335 tot
1666 2278 1796 2349 Codices,
1810 2301 1883 2358 quoa

315 2382 447 2450 Hiberni,
461 2388 583 2439 testante
592 2381 680 2449 Beda,
694 2378 838 2455 discipulis
853 2379 1080 2454 Augu-Saxonis
1092 2379 1179 2454 gratis
1193 2379 1261 2436 dare
1275 2378 1412 2447 solebant,
1434 2381 1547 2456 penitus
1561 2382 1683 2460 periisse,
1695 2383 1737 2441 vel
1748 2388 1885 2462 quosdam

314 2485 511 2552 nobilissimos,
524 2484 619 2540 adhuc
639 2492 795 2547 manentes,
813 2491 847 2538 ut
865 2479 1120 2551 Rueiwortiiaaas,
1142 2482 1215 2538 veris
1231 2481 1397 2539 auctoribus
1412 2482 1558 2554 Hibernis,
1581 2504 1637 2544 non
1665 2486 1757 2547 minus
1778 2490 1886 2566 ingrate

316 2607 402 2664 quarn
415 2587 532 2662 injuste,
544 2605 562 2643 a
574 2586 639 2644 viris
651 2585 777 2660 alioquin
791 2583 893 2653 doctis,
905 2582 1074 2658 abjudicari.
1084 2583 1129 2657 (2)

786 2783 1428 2819 ,πὲκξ

317 2947 379 3023 De
397 2946 557 3045 Virgilio,
578 2957 615 3019 et
633 2944 836 3019 Dnnclrorlo
852 2949 1082 3022 Astronomir
1098 2948 1287 3039 Hibernis,
1308 2960 1344 3021 et
1368 2948 1430 3022 De
1444 2949 1649 3029 Academiis
1663 2954 1884 3056 Porisiensa

554 3081 591 3143 et
608 3069 644 3143 T
641 3069 801 3162 itinerare,
821 3070 1070 3187 Hibernornm
1087 3067 1380 3170 operosnndotis
1394 3069 1533 3148 Saeculo
1551 3074 1662 3149 VIII.

1026 3264 1178 3301 -Φ-

895 3372 1136 3431 ANNOTATIO
1155 3372 1313 3434 TERTIA.

358 3502 406 3560 Ex
420 3509 462 3558 est
478 3502 585 3559 Rerum
598 3501 788 3560 humanarum
799 3501 934 3568 conditio,
947 3512 979 3560 ut
994 3503 1022 3559 in
1037 3503 1198 3577 Regnorum
1212 3500 1299 3558 initiis
1311 3500 1485 3570 enarrandis,
1499 3498 1629 3559 fabulosa
1638 3520 1690 3577 pro
1702 3503 1772 3562 veris
1783 3508 1887 3566 substi-

320 3616 447 3664 tuantur.
488 3606 521 3663 ln
535 3615 615 3663 tanta
626 3625 726 3683 nempe
736 3607 911 3665 literatorum
925 3616 1056 3683 egestate,
1073 3617 1102 3664 et
1116 3605 1277 3665 Priscorum
1292 3605 1433 3676 barbarie,
1460 3604 1540 3662 renia
1552 3604 1647 3661 danda
1659 3616 1701 3664 est
1715 3608 1887 3685 antiquitati,

318 3711 340 3770 si
355 3710 564 3770 aseverioribus
580 3710 711 3770 Historiae
725 3711 826 3788 regulis
841 3710 987 3787 paululum
997 3711 1142 3770 discedere
1156 3720 1283 3785 cogatur.
1314 3712 1367 3780 At,
1381 3707 1565 3767 recentiorem
1573 3709 1741 3782 Historiam,
1755 3713 1800 3770 vel
1811 3715 1888 3787 odio,

320 3819 364 3876 vel
374 3817 562 3877 assentatione
577 3815 730 3892 corrumpi,
755 3815 871 3873 minime
886 3813 1030 3873 ferendum
1044 3824 1095 3871 est.
1137 3813 1223 3882 Quod
1243 3813 1265 3871 si
1282 3813 1382 3890 Regna
1395 3813 1524 3872 civilibus
1541 3816 1664 3873 motibus
1678 3817 1888 3891 concutiantur,

319 3932 404 4000 atque
418 3921 453 3978 ad
476 3920 626 3979 Victorum
648 3918 845 3976 stabiliendam
864 3918 1170 3996 potestatem,quidam
1195 3917 1353 3994 Scriptores
1373 3916 1463 3974 aciem
1486 3916 1589 3995 ingenii
1604 3920 1709 3979 acriter
1731 3920 1890 3992 lntendant‚

319 4025 392 4081 absit
405 4033 509 4091 tamen,
534 4031 576 4090 ut,
599 4021 717 4078 veritate
733 4020 876 4079 Historica
889 4021 1035 4091 derelicta,
1048 4021 1127 4080 Victi
1142 4021 1205 4078 ideo
1220 4021 1294 4079 inter
1315 4022 1450 4079 barbaros
1469 4022 1638 4080 numerandi
1649 4024 1714 4093 sint,
1736 4041 1890 4101 eorumque

320 4128 395 4183 sarna
406 4141 542 4185 aternum
558 4124 709 4186 laceranda
718 4124 896 4183 exhibeatur.
919 4126 946 4183 N
949 4144 985 4182 on
996 4126 1097 4183 desunt
1107 4143 1175 4182 sana
1186 4124 1358 4200 incorruptae
1374 4123 1449 4195 fidei,
1464 4124 1547 4198 acris,
1561 4125 1654 4196 vividi,
1668 4138 1697 4184 et
1708 4127 1835 4184 sublimis
1845 4128 1890 4183 in·

320 4228 392 4306 genii
401 4229 559 4303 scriptores,
573 4228 653 4304 Angli
663 4236 692 4285 et
705 4227 833 4296 Hiberni,
848 4227 923 4285 omni
938 4228 1040 4286 affectu
1054 4226 1146 4297 vacui,
1161 4228 1220 4305 qul,
1232 4227 1354 4286 Politice
1368 4246 1462 4286 rerum
1471 4228 1544 4287 facie
1557 4229 1717 4296 immutata,
1728 4245 1771 4284 res
1781 4240 1890 4286 nostras

321 4331 419 4400 nobili,
430 4329 562 4397 facunda,
586 4341 615 4387 et
624 4329 736 4387 erudita
746 4333 905 4390 narratione
916 4332 1086 4402 describent,
1109 4351 1201 4408 neque
1217 4331 1352 4391 defutura
1363 4349 1448 4407 spero
1459 4330 1595 4408 praeclara
1608 4330 1729 4407 ingenis,
1740 4329 1844 4406 quibus
1853 4348 1888 4387 ea

323 4438 376 4496 orit
387 4430 550 4500 solicitudo,
561 4429 588 4486 id
602 4429 738 4499 studium,
751 4443 783 4488 ut
797 4436 896 4509 quaein
905 4436 1034 4511 dispersis
1048 4435 1212 4506 codicibus,
1226 4454 1277 4512 per
1287 4453 1387 4493 manus
1397 4433 1557 4504 hominum,
1570 4436 1605 4491 de
1618 4434 1702 4491 rebus
1715 4432 1889 4504 Hibernicis,

337 4733 378 4794 (t)
396 4732 495 4781 Garbert
505 4729 544 4777 De
556 4727 621 4775 Mus.
634 4724 860 4788 Sacr.t1,p.500.
900 4723 939 4772 De
952 4724 1046 4773 Kiliano
1057 4726 1113 4775 ride
1129 4742 1183 4790 quae
1203 4727 1267 4776 dicta
1287 4737 1341 4776 sunt
1360 4745 1431 4794 supra
1451 4730 1475 4780 in
1492 4728 1529 4780 hia
1539 4727 1673 4778 Annalibus
1684 4742 1707 4793 p.
1715 4730 1755 4785 97,
1766 4728 1856 4785 natab,
1867 4725 1892 4774 in

342 4812 407 4859 Reda
419 4807 586 4873 Martyr.edit.
599 4805 737 4868 cantabrig.
750 4819 774 4868 p.
787 4806 845 4859 445,
856 4812 881 4852 et
891 4802 915 4851 in
927 4803 960 4852 H.
971 4804 1059 4851 curristi
1071 4804 1154 4868 Antiq.
1167 4806 1233 4856 leet
1247 4816 1266 4856 t.
1275 4811 1299 4864 4,
1312 4821 1336 4870 p.
1344 4812 1401 4858 6‘29.

336 4888 379 4951 (¹2)
395 4888 457 4936 Vide
465 4888 562 4938 Dirscrt.
573 4886 672 4937 rreum
684 4884 766 4936 abida
776 4882 904 4935 codicibus
917 4882 1026 4950 Antiqui·
1037 4880 1181 4935 Hibernicis.
