4446 6000
709 543 971 607 nnnnrns
1013 542 1414 608 unrorsrnnsns.
1784 520 1850 627 d?

272 723 341 799 flu.
368 718 540 807 mitrii·
574 721 657 796 Kar.
669 721 754 797 Jan.
774 721 796 796 i.
816 720 881 795 fer.
897 721 972 794 lun.
992 718 1058 793 xii.
1113 720 1257 795 Bellum
1289 721 1427 809 Femin,
1460 719 1500 793 in
1534 744 1610 816 quo
1645 719 1770 793 victus
1797 733 1853 794 est

198 924 206 939 ,
273 842 423 918 Colman
439 841 619 932 modicus,
641 845 739 919 filius
758 844 972 931 Diormoto,
991 857 1028 917 et
1046 843 1122 941 ipse
1139 842 1267 918 evasit.
1291 846 1334 917 nl
1350 843 1383 914 h.
1404 842 1460 916 bel
1485 839 1637 916 anlrre
1653 841 1765 939 Lintea·
1788 839 1855 939 sor

271 951 457 1064 Loigdniu
474 952 559 1042 ocus
573 967 636 1042 bas
652 968 867 1043 Dominam
881 967 913 1039 ic
929 966 1177 1039 Muirccortlr.
1198 968 1230 1040 ic
1244 992 1337 1055 orco,
1359 968 1418 1041 cui
1441 965 1620 1040 successit
1636 966 1805 1039 Ainnrire
1821 966 1855 1039 io

271 1087 396 1164 Setnoi
414 1092 463 1162 ul.
482 1113 531 1163 sc.
552 1090 609 1163 bel
625 1093 700 1164 tola
716 1088 880 1188 ocussin·
899 1084 972 1162 toln
991 1089 1026 1162 ·i·
1042 1113 1132 1162 nom.
1149 1114 1203 1163 ca.
1226 1108 1308 1188 por.
1328 1091 1401 1163 etii·
1416 1091 1481 1162 eile
1498 1113 1582 1162 ocus
1599 1089 1744 1184 oornige
1770 1111 1856 1160 ocus

272 1216 346 1290 etir
363 1211 617 1314 Clnoinferta
633 1238 719 1287 ocus
734 1211 877 1308 Soiger.
907 1211 1070 1285 Fioclrrnr
1089 1213 1123 1286 ic
1141 1208 1455 1288 ueneratione.
1495 1213 1581 1308 [vet
1599 1210 1661 1284 hic
1681 1211 1854 1284 Proelium

273 1337 495 1410 Gauranum
515 1334 630 1411 Liffiae
647 1347 779 1408 contra
797 1333 1055 1431 Lagenienscs,
1087 1347 1124 1407 et
1155 1359 1252 1407 mors
1282 1335 1483 1423 Dovnaldi,
1519 1334 1586 1407 filii
1618 1331 1854 1407 Murcherta·

272 1457 344 1548 cn,
383 1457 448 1531 fini
465 1457 583 1546 nrcae,
619 1457 681 1531 cur
698 1456 878 1530 successit
895 1456 1214 1530 maminotus
1232 1433 1359 1530 setun.
1379 1454 1530 1529 verne
1551 1455 1721 1528 nmirum
1744 1455 1854 1528 Tora-

272 1604 375 1668 num,
394 1593 432 1653 et
450 1579 701 1669 Fortolanum
722 1604 805 1675 quae
834 1581 923 1652 sunt
947 1580 1099 1652 nomina
1130 1603 1343 1676 camporum
1365 1580 1461 1652 inter·
1478 1579 1667 1677 regionem
1687 1577 1804 1652 Elidis
1817 1591 1856 1654 et

274 1701 444 1793 Ossoriae,
458 1716 497 1777 et
515 1703 611 1775 inter
630 1700 861 1775 Monastcria
893 1699 1152 1775 Cluanaefertae
1170 1715 1207 1776 et
1220 1702 1423 1800 Sagirense.
1494 1702 1523 1776 F
1525 1700 1656 1805 inchoa
1668 1702 1766 1776 filius
1784 1702 1854 1778 Ba·

271 1825 374 1901 etani
392 1826 513 1900 victor
530 1824 635 1917 erat]
656 1821 717 1921 (l)

275 1952 344 2030 flu·
371 1947 561 2036 nlntio.
604 1948 687 2022 Kal.
703 1947 789 2022 Jan.
812 1947 848 2022 ii.
868 1945 933 2021 fer.
954 1949 1030 2021 lun.
1050 1947 1158 2021 xxiii.
1215 1946 1359 2020 Bellum
1380 1948 1466 2021 Τοῖα
1484 1947 1634 2022 Formio
1650 1948 1688 2022 in
1708 1950 1856 2047 region·

275 2074 359 2148 ibus
378 2074 545 2151 Cruitne.
565 2070 800 2169 [Pictorum]
831 2070 938 2150 Mors
960 2064 1104 2145 Coram
1132 2072 1166 2146 ic
1188 2071 1370 2168 Congoill,
1394 2071 1558 2165 [Conalli
1578 2072 1643 2145 filii
1667 2072 1866 2172 Congalli]

272 2223 372 2271 anno
390 2196 495 2295 regni
514 2196 571 2270 sui
588 2195 665 2283 xvi,
685 2194 749 2292 qui
767 2193 906 2268 obtulit
923 2194 1080 2269 insulam
1091 2196 1136 2269 Ie
1152 2196 1227 2270 Col.
1244 2219 1273 2268 c.
1296 2193 1358 2290 (2)
1387 2195 1568 2289 [Hionam
1585 2195 1619 2267 S.
1634 2194 1856 2287 Columbae.]

271 2323 340 2400 ssttr
368 2318 550 2407 mittit.
602 2320 684 2395 Kal.
707 2319 792 2394 Jan.
813 2318 863 2392 iii.
883 2317 947 2393 fer.
968 2319 1045 2393 lun.
1068 2319 1116 2392 iv.
1137 2321 1160 2392 l.
1178 2345 1212 2392 v.
1267 2320 1411 2419 Magna
1442 2322 1599 2394 morderi!
1633 2321 1669 2394 ·i·
1702 2344 1776 2395 con.
1804 2322 1854 2394 tio

272 2445 556 2521 Drommacreta
573 2444 610 2519 in
630 2470 704 2542 qua
721 2455 827 2518 crant
841 2443 918 2520 Col.
936 2466 1065 2518 cocus
1082 2468 1137 2517 mc
1153 2443 1401 2517 Ainmr'rench.
1451 2443 1548 2540 [Kal.
1565 2443 1652 2518 Jan.
1672 2445 1711 2518 in
1727 2456 1749 2521 3
1767 2445 1853 2520 feri·

273 2584 344 2658 arn,
364 2581 402 2641 et
417 2569 543 2642 lunam
560 2576 594 2657 4,
624 2569 683 2643 vel
699 2578 723 2642 5
742 2566 1005 2656 incidentibus,
1024 2592 1161 2667 magna
1176 2567 1380 2641 conventio
1395 2566 1695 2656 Dromcettensis,
1727 2567 1765 2641 in
1782 2595 1857 2666 qua
1953 2547 1960 2564 ¹

273 2704 378 2764 erant
397 2691 430 2764 S.
442 2691 627 2766 Columba
645 2693 822 2766 cellarum
837 2704 876 2764 et
891 2692 991 2765 filius
1005 2689 1246 2778 Ainrnirechi,
1269 2690 1330 2763 ie.
1352 2689 1435 2782 Rex
1454 2687 1654 2778 Hiberniae,
1674 2692 1805 2785 Aonio]

273 2815 341 2892 sstt.
368 2812 410 2887 Φ
428 2817 484 2896 int
501 2821 536 2888 u.
589 2813 670 2885 Kal.
684 2813 769 2884 Jan.
784 2811 832 2884 iv.
851 2812 915 2884 fer.
933 2813 1010 2884 lun.
1024 2837 1087 2884 xv.
1142 2812 1380 2885 BeiTeloclto
1404 2811 1637 2888 iCionntr'rc.
1665 2815 1854 2910 [Praeliurn
1967 2910 1969 2917 Ι

270 2934 436 3009 Telocho
459 2935 499 3008 in
532 2932 727 3026 Cantium]
777 2933 924 3006 Sintitla
947 2935 1053 3031 lepre,
1082 2945 1120 3008 et
1139 2932 1399 3006 habundantia
1423 2959 1565 3009 nucum
1592 2938 1771 3014 inaudita.
1808 2942 1853 3016 ln

274 3084 350 3156 quo
367 3056 586 3132 ceciderunt
602 3055 760 3130 Dnncot
774 3079 830 3129 mc
848 3056 985 3147 Conail,
1021 3058 1055 3130 ic
1070 3056 1263 3153 Comgoill.
1315 3055 1486 3152 [Duncat
1501 3058 1598 3131 filius
1618 3059 1765 3135 Conalli
1790 3063 1858 3140 filii

278 3181 470 3281 Congnlli]
485 3195 523 3254 et
537 3179 601 3253 alii
612 3179 722 3253 multi
738 3178 785 3253 de
799 3180 910 3254 sociis
929 3179 1092 3253 filiorum
1107 3178 1291 3255 Gouroin.
1322 3179 1427 3252 Mors
1442 3180 1630 3255 Brenduin
1646 3208 1701 3258 mc
1717 3187 1861 3262 Briuin·

275 3304 478 3401 [Brendani
495 3303 563 3377 filii
583 3303 744 3396 Briuini}
759 3303 830 3377 Vel
846 3301 919 3386 hic,
935 3301 1090 3411 Occisio
1106 3302 1331 3376 Ainmireick
1349 3303 1383 3377 ic
1408 3302 1520 3378 Setun
1537 3304 1584 3381 de
1603 3333 1637 3403 q.
1658 3307 1731 3382 dm.
1751 3325 1817 3384 est.
1882 3377 1889 3389 .

275 3646 320 3716 (l)
344 3643 456 3701 Desunt
467 3639 529 3699 haec
537 3640 573 3700 de
582 3641 679 3717 praeiio
693 3639 837 3710 Gaurano,
849 3638 928 3710 Toto,
945 3650 975 3698 et
988 3629 1229 3711 Porrotntncod.
1244 3639 1378 3699 Clarend.
1391 3646 1441 3710 49,
1452 3642 1506 3699 sub
1519 3661 1595 3700 nono
1608 3644 1677 3714 h0c5
1693 3655 1794 3706 extant
1807 3651 1860 3707 sub

275 3758 353 3798 nuno
366 3747 511 3814 sequente.
555 3736 688 3794 Diversus
704 3737 788 3794 fuisse
801 3736 924 3794 Codices
933 3736 1065 3812 antiquos
1077 3755 1114 3794 ex
1128 3737 1232 3812 quibus
1244 3734 1460 3809 Bodleianusn
1474 3737 1486 3794 1
1491 3737 1620 3797 iurleiani
1635 3743 1768 3819 descripti
1781 3744 1861 3804 sucre

277 3833 456 3892 manifestum
473 3843 526 3894 est.
567 3833 641 3890 Vide
661 3852 727 3891 ann.
741 3836 800 3896 570
820 3845 849 3889 et
866 3827 936 3889 602.
977 3829 1019 3887 IV
1033 3828 1174 3907 Magistri
1192 3829 1323 3906 inquiunt
1335 3832 1373 3890 ad
1397 3827 1609 3897 ami.471.-“
1632 3835 1703 3892 Cam
1726 3837 1794 3895 Tora
1817 3841 1862 3898 rio

278 3927 398 3986 Fiochna
422 3947 464 3984 mc
482 3927 617 3997 Baodor‘n,
644 3946 685 4007 mc
698 3926 809 3996 catull,
821 3925 879 4003 sor
891 3925 996 4002 ustaig,
1023 3945 1087 3983 ocus
1097 3925 1154 4004 sor
1166 3926 1226 3996 etit,
1238 3945 1302 3983 ocus
1314 3945 1346 3983 ro
1359 3926 1535 4005 nieobforro.
1577 3929 1645 3987 Τοῖα
1659 3929 1741 3987 oinim
1754 3933 1861 4010 moigde

276 4023 329 4082 itir
341 4020 515 4100 Cluoioferto
526 4017 626 4079 Molita
636 4040 699 4078 ocus
709 4020 833 4098 Soigkir.
867 4021 1016 4099 [Praelium
1028 4022 1171 4081 Tolanum
1182 4032 1293 4098 gestum
1308 4022 1459 4082 nFiachnn
1472 4023 1531 4081 filio
1547 4024 1684 4094 Buodani,
1699 4025 1747 4083 filii
1761 4026 1862 4101 Catili,

278 4129 380 4198 contro.
387 4118 566 4176 Ossorienses
576 4127 605 4173 et
617 4116 755 4184 Elierrses‚
767 4117 815 4191 qui
829 4117 933 4174 devicti
948 4116 1037 4181 suere,
1079 4117 1148 4175 Τοῖα
1162 4118 1325 4194 appellatur
1337 4136 1455 4194 campus
1462 4118 1538 4176 inter
1551 4117 1728 4190 Ciminiam,
1742 4121 1861 4183 Monos-

276 4215 380 4275 terium
393 4211 426 4274 S.
436 4209 550 4280 Moron,
563 4222 593 4269 et
607 4209 816 4268 Monosterium
826 4210 963 4288 Soigdir]
1005 4213 1114 4271 Eodem
1127 4212 1214 4271 habet
1229 4212 1392 4288 Tigemacr,
1407 4214 1455 4272 sol.
1465 4220 1496 4283 9,
1512 4215 1568 4274 col.
1583 4221 1613 4285 3,
1626 4216 1674 4276 lin.
1687 4222 1715 4278 Q,

277 4309 322 4383 (2)
341 4311 389 4368 De
402 4309 458 4367 boc
468 4306 600 4376 Conallo,
614 4305 756 4382 comgalli
770 4305 841 4376 filio,
854 4307 911 4366 vid.
923 4306 1092 4383 Catalogum
1107 4309 1217 4383 Regum
1241 4307 1404 4367 Scottorum
1427 4311 1557 4370 Albaniue
1581 4313 1609 4371 in
1629 4315 1805 4391 Appennino,
1833 4329 1864 4379 et
1888 4382 1905 4396 -

277 4406 498 4481 chronologiam
509 4401 733 4465 &Columbaria
746 4400 866 4460 Dissert.
877 4401 999 4472 Praelim,
1011 4403 1059 4460 ubi
1075 4403 1155 4461 Bedn
1167 4423 1248 4462 error
1261 4404 1298 4463 de
1308 4403 1463 4465 donatione
1476 4405 1579 4465 Insuiae
1595 4408 1621 4465 11
1624 4428 1706 4486 youae
1728 4429 1745 4467 a
1765 4411 1864 4478 Pictis,

278 4505 446 4561 emendatur
459 4498 631 4559 auctoritate
646 4496 821 4575 Tigernocdr]
837 4497 1047 4570 Ultonierrrinm,
1063 4509 1093 4557 et
1108 4499 1150 4558 IV
1164 4497 1378 4577 Magistrornm.
1419 4501 1524 4560 Conscr
1538 4523 1599 4580 qrrae
1613 4524 1699 4582 supra
1709 4506 1787 4562 dicta
1800 4519 1866 4566 sunt

279 4598 617 4662 innotisadmnosms,
632 4599 701 4663 544,
716 4604 745 4651 et
761 4598 830 4664 579.
873 4592 916 4650 IV
928 4593 1131 4670 Magistrorum
1145 4598 1230 4654 verba
1244 4610 1309 4655 sunt
1339 4597 1470 4656 “Conoll
1487 4619 1529 4657 mc
1554 4598 1691 4674 Comgoill
1713 4599 1740 4654 ri
1764 4597 1865 4658 Dolri·

279 4701 342 4751 atto
354 4694 433 4750 doecc
445 4691 560 4752 neone
572 4711 605 4749 ro
616 4687 718 4749 eddbnr
730 4690 799 4748 dido
813 4688 997 4749 cudmcitte’
1024 4690 1138 4768 [Connll
1149 4691 1224 4751 filius
1244 4693 1383 4770 Comgnlli
1398 4694 1480 4755 obiit.
1498 4694 1544 4769 qui
1563 4693 1687 4749 insulam
1703 4693 1746 4750 Hi
1759 4695 1863 4757 obtulit

280 4785 309 4846 S.
320 4785 657 4862 Columbae.]-Conallo
684 4787 818 4846 suffectus
844 4800 886 4846 cst
907 4785 1002 4844 Aidon
1025 4787 1099 4848 filius
1127 4785 1281 4862 Gabinio,
1304 4789 1443 4848 Sextusa
1468 4786 1602 4862 Pergusio
1626 4786 1687 4846 Rex
1713 4789 1866 4852 Scotorum

280 4881 422 4946 Albuuiae.
438 4883 513 4942 Vide
526 4883 600 4945 intro
612 4903 700 4944 annos
713 4889 783 4957 579,
798 4889 867 4957 589,
878 4894 907 4942 et
918 4879 988 4947 60⁵.

936 4971 992 5037 2²
