4446 6000
560 503 1001 578 aanornrrorsss
1042 504 1117 574 so
1158 507 1278 575 sna.
1298 508 1433 575 r111.
1709 484 1808 596 1a7
1930 564 1933 569 ,

235 703 392 776 mutant,
416 691 575 754 consentire
587 688 721 762 arbitror,
736 707 800 768 qum
812 709 851 749 ex
869 690 989 751 vetustis
1004 689 1164 760 codicibus,
1179 691 1213 749 de
1228 690 1342 751 civitate
1357 690 1543 751 Dubliniense
1556 690 1645 752 tradit
1657 693 1763 753 seculo
1778 703 1815 756 12

232 800 440 863 locelinus-‘⁴
451 795 587 857 statuisse
597 795 689 866 Cives,
701 795 816 855 vivente
835 793 931 856 adbuc
955 794 985 853 S.
995 793 1131 863 Patricio,
1153 795 1189 852 de
1213 794 1329 870 singulis
1341 797 1460 855 navibus
1474 797 1733 857 matrimonialibus
1746 818 1815 878 cap·

234 909 254 940 ⁴⁴
275 923 341 982 pam
355 910 566 978 competentem
574 900 778 961 Ardmachano
792 898 923 970 Primati,
935 907 987 958 aut
998 898 1104 956 cadum
1125 898 1230 969 mellis,
1243 900 1369 971 seuvini,
1382 910 1433 959 aut
1451 900 1518 960 ferri
1539 901 1715 973 ialcem‚seu
1735 925 1815 965 men·

233 1011 254 1042 ‘⁴
274 1025 372 1068 suram
383 1005 460 1076 salis,
474 1007 509 1064 de
522 1005 639 1082 singulis
656 1024 722 1065 vero
742 1005 878 1075 tabernis,
892 1003 1019 1062 medonis
1031 1020 1082 1063 seu
1095 1002 1220 1061 cervisias
1235 1011 1367 1062 metretas
1390 1005 1523 1082 singulas,
1535 1007 1571 1064 da
1580 1010 1712 1069 omnibus
1725 1010 1812 1071 etiam

232 1115 253 1146 ‘⁴
273 1111 401 1180 officinis,
412 1118 443 1170 et
452 1108 580 1186 virgultis
593 1110 707 1179 exenia,
724 1109 888 1184 donumque
903 1105 1074 1165 conveniens
1088 1104 1118 1164 in
1131 1107 1314 1179 sotularibus,
1327 1108 1536 1187 chryrothecis,
1556 1112 1677 1184 catellis,
1695 1113 1816 1192 pectini·

232 1217 253 1250 “
275 1215 328 1275 bus
337 1222 368 1273 et
380 1213 443 1275 aliis
457 1211 621 1288 hujusmodi
635 1214 729 1283 rebus,
740 1211 817 1271 &c.”
839 1213 888 1285 (1)
1406 1283 1408 1286 v

270 1317 377 1396 Neque
389 1325 501 1376 tantum
514 1318 544 1375 in
557 1317 677 1394 gratiam
682 1316 844 1392 juventutis
857 1315 1018 1386 Albanicns,
1030 1322 1060 1373 et
1074 1315 1248 1386 Hiberniae,
1256 1317 1443 1376 Academiam
1454 1315 1687 1376 Ardmachanam
1695 1316 1809 1375 institu-

237 1430 309 1492 tam,
326 1441 426 1481 verum
450 1421 538 1480 edam
549 1420 774 1495 Aegio-meones
798 1420 928 1495 ejusdem
949 1418 1151 1478 munificentior
1172 1419 1328 1496 participes
1350 1421 1465 1479 effectos
1484 1421 1580 1492 fuisse,
1593 1422 1715 1480 suadent
1728 1425 1815 1481 verba

231 1521 318 1582 Beda
332 1527 352 1558 “
361 1523 450 1583 Multi
460 1523 609 1583 Nobilium
619 1524 704 1583 simul
714 1534 743 1581 et
751 1524 938 1583 mediocrium
947 1523 1116 1600 Anglorum,
1126 1522 1227 1581 relicta
1236 1523 1334 1580 Insula
1343 1522 1452 1594 Patria,
1463 1522 1637 1595 Hiberniam,
1647 1525 1692 1583 vel
1702 1525 1814 1584 Divinae

232 1632 252 1662 “
273 1628 426 1699 betianus,
438 1627 483 1687 vel
495 1627 708 1687 continentioris
721 1629 785 1685 vitae
798 1629 899 1702 gratia,
914 1638 1102 1698 secesserunt,
1116 1646 1187 1704 quos
1205 1646 1304 1685 omnes
1319 1628 1410 1686 Scotti
1423 1628 1605 1686 libentissime
1619 1628 1813 1705 suscipientes,

232 1736 253 1766 “
275 1731 383 1790 victum
394 1732 436 1791 eis
451 1732 649 1808 quotidianum
662 1731 723 1789 sine
736 1732 847 1808 praetio,
861 1730 948 1788 libros
958 1748 1073 1808 quoque
1085 1729 1122 1788 ad
1135 1730 1296 1805 legendum,
1311 1740 1341 1788 et
1360 1729 1561 1807 Magisteriam
1569 1732 1728 1808 gratuitam
1741 1750 1814 1810 prte-

232 1838 252 1867 “
274 1836 521 1894 berecurabant.''
541 1836 589 1908 (2)
634 1836 743 1895 Eodem
758 1843 894 1904 testante,
914 1834 1124 1891 Monasterium
1149 1831 1321 1904 Maiorem,
1345 1834 1424 1911 quod
1447 1834 1608 1894 Hibernice
1631 1836 1816 1914 Magldaco

231 1936 364 2016 [campus
382 1940 504 1996 duarum
522 1937 709 2016 quercuum]‚
746 1947 777 1998 et
795 1938 889 2017 Magi
902 1939 939 1995 da
958 1957 989 1995 eo
1013 1935 1105 1995 Saron
1133 1935 1356 2010 [Monasterium
1373 1936 1548 1995 Saxonicum
1571 1940 1665 2017 campi
1691 1939 1812 1998 duarum

232 2041 405 2121 quercuum]
417 2045 587 2121 appellatur,
600 2047 646 2120 (3)
667 2064 720 2121 pro
734 2045 855 2104 Saxonis
883 2043 1057 2103 edificatum
1082 2050 1124 2099 est
1146 2060 1165 2099 a
1187 2041 1347 2099 Colmanno
1374 2042 1516 2119 Episcopo
1536 2042 1714 2104 Hibemense
1740 2062 1817 2103 anno

232 2145 303 2208 668.
340 2149 562 2226 (db-Neque
592 2148 824 2226 pratereundum
852 2157 896 2208 est
921 2146 1128 2217 Ardmacham,
1155 2147 1322 2223 antiquitus,
1352 2147 1382 2204 in
1404 2147 1496 2204 varias
1522 2148 1665 2224 portiones
1699 2148 1817 2207 divisam

231 2253 327 2323 luisse,
353 2272 475 2330 quarum
498 2272 557 2311 una
583 2257 604 2287 ‘⁴
616 2252 704 2310 Triari
726 2251 836 2310 Seced'
862 2255 882 2310 i.
890 2272 915 2311 e.
943 2252 1066 2310 ternaria
1083 2250 1187 2327 portio,
1216 2269 1268 2307 seu
1296 2248 1395 2307 divisio
1427 2246 1565 2306 Sacorraor
1602 2252 1813 2320 nominabatur,

233 2355 277 2414 1v
297 2356 438 2431 Magistri
460 2354 538 2412 enim
560 2354 597 2411 ad
621 2373 728 2413 annum
754 2363 841 2425 1092,
868 2356 1093 2434 inquiunt—(5)
1141 2359 1161 2388 ‘⁴
1187 2353 1266 2411 Rati
1289 2351 1477 2409 Airdasrracia
1502 2371 1587 2409 carra
1612 2352 1757 2429 teraptoiblr
1779 2354 1815 2411 do

233 2465 253 2494 ‘⁴
274 2461 346 2517 tocco
373 2479 409 2516 aa
436 2457 613 2517 cetraralrodk
639 2457 711 2516 Kal.
738 2459 773 2516 rio
806 2457 973 2534 September,
988 2479 1058 2537 agas
1081 2458 1156 2517 areth
1183 2459 1213 2515 di
1234 2457 1332 2514 Triuia
1358 2457 1438 2526 moir,
1462 2475 1534 2532 agar
1555 2455 1631 2513 arcti
1657 2438 1692 2513 do
1716 2456 1816 2514 Trivia

233 2568 254 2598 ‘⁴
275 2561 396 2621 Saroa.'’
439 2564 515 2640 [Arx
537 2564 743 2622 Ardmacbana
764 2583 832 2623 cum
857 2565 914 2622 suis
939 2563 1076 2623 Ecclesiis
1104 2563 1221 2621 incensa
1246 2561 1292 2618 die
1313 2561 1355 2619 lV
1369 2560 1435 2619 Kal.
1451 2550 1632 2637 Septembris,
1662 2568 1691 2619 et
1720 2561 1816 2638 platea

233 2669 254 2702 “
274 2667 416 2727 divisionis
436 2687 501 2745 quae
520 2666 633 2725 Dioirie
655 2687 757 2745 magna
778 2670 893 2740 dicitur,
920 2678 951 2727 et
976 2669 1074 2745 platea
1098 2666 1241 2725 divisionis
1260 2686 1324 2742 quae
1346 2666 1459 2724 Divisio
1481 2665 1618 2725 Saeuam
1640 2667 1746 2726 dicitur
1771 2669 1815 2726 in-

233 2772 253 2804 “
275 2770 378 2829 cendio
403 2767 572 2843 vastantur]
612 2770 703 2828 Iidem
729 2771 855 2829 Annales
881 2774 918 2829 ad
943 2790 1049 2828 annum
1073 2776 1160 2840 1112,
1183 2769 1391 2845 inquiunt—·“
1414 2770 1492 2829 Rara
1511 2771 1688 2831 Ardarnacla
1722 2792 1772 2832 corr
1798 2793 1817 2832 a

233 2879 255 2910 ‘⁴
275 2875 368 2950 templ.
379 2874 414 2932 do
427 2874 569 2931 torceiax
581 2873 644 2932 Kal
659 2875 753 2949 April,
767 2894 837 2951 ogas
857 2876 893 2931 da
918 2874 1005 2931 rreiti
1019 2875 1054 2930 do
1075 2874 1163 2930 trivia
1181 2872 1309 2943 Macran,
1323 2893 1393 2950 agra
1415 2894 1453 2931 aa
1476 2883 1553 2932 treas
1570 2875 1646 2933 creti
1668 2877 1702 2933 do
1728 2876 1816 2934 triaia

232 2979 253 3012 ‘⁴
273 2976 390 3036 nioirl'
433 2977 510 3053 [Arx
533 2978 737 3036 Ardmacbana
756 2998 822 3037 cum
848 2978 984 3037 Ecclesiis
1007 2978 1074 3047 suis,
1100 2979 1164 3035 dure
1187 2975 1289 3052 platea
1306 2977 1336 3032 in
1350 2977 1487 3034 divisione
1500 2979 1625 3035 ternaria
1639 2979 1717 3037 dicta
1731 2978 1819 3036 Triari

233 3085 254 3119 ‘⁴
275 3080 403 3148 Marsas,
417 3092 447 3138 et
460 3080 544 3137 tertia
557 3080 654 3156 platea
666 3081 695 3139 in
717 3082 854 3140 divisione
867 3084 946 3141 dicta
965 3080 1053 3140 Triari
1075 3100 1136 3139 mor
1154 3079 1287 3138 incendio
1300 3078 1581 3154 vastantur.”]-Ex
1594 3079 1636 3137 lais
1651 3080 1811 3157 colligimus

233 3186 429 3249 Ardmachnm
453 3184 522 3242 olim
549 3184 577 3242 in
605 3194 699 3261 partes
720 3185 858 3243 ternarias
873 3186 990 3243 divisam
1017 3186 1111 3254 luisse,
1140 3185 1170 3242 id
1195 3183 1271 3242 enim
1294 3201 1364 3241 voce
1388 3183 1545 3242 Hibernica
1566 3182 1653 3240 Triari
1671 3183 1817 3243 manifeste

232 3289 409 3366 intelligitur,
432 3307 555 3365 quarum
578 3306 638 3346 una
652 3287 739 3346 Triari
751 3288 853 3361 Saros,
872 3289 1022 3367 [Ternaria
1047 3286 1145 3345 divisio
1160 3285 1331 3360 Saxonum]
1352 3286 1423 3345 illud
1445 3306 1548 3346 nomen
1569 3288 1676 3366 adepta
1694 3289 1815 3360 videtur,

235 3392 279 3453 rel
293 3392 360 3470 quia
373 3400 556 3461 mercatores,
570 3392 615 3449 vel
631 3391 700 3469 quia
722 3393 846 3451 Studiosi
871 3395 1101 3471 Angla-saxones
1114 3391 1174 3450 illic
1188 3389 1321 3448 habitare
1344 3390 1493 3459 solebant3
1517 3390 1567 3449 sed
1589 3391 1626 3450 de
1650 3390 1816 3450 mercatori·

236 3500 289 3558 bus
302 3496 383 3555 nulla
393 3503 476 3554 extat
483 3495 631 3565 memoria,
646 3514 738 3573 neque
751 3506 812 3554 erat
822 3497 989 3556 Ardrnacha
1003 3500 1070 3556 urbs
1083 3496 1235 3566 maritima,
1245 3503 1276 3554 at
1289 3495 1325 3554 rle
1340 3494 1504 3566 Monachis,
1518 3504 1550 3554 et
1562 3494 1696 3556 studiosis
1707 3494 1815 3571 Anglo·

234 3599 349 3659 monis
359 3598 529 3678 lliberniam
540 3599 700 3669 turmatim,
723 3602 863 3659 bonarum
886 3602 1036 3662 literarum
1059 3602 1160 3680 gratia,
1184 3600 1414 3671 adventantibus,
1436 3600 1521 3676 plura
1533 3600 1649 3657 indunt
1663 3597 1751 3668 Beda,
1764 3593 1813 3672 (6)

235 3702 371 3762 Akuinst
380 3702 410 3759 in
423 3703 494 3759 Vita
504 3702 679 3760 willibrordi
691 3703 831 3778 prosaica,
846 3714 875 3761 at
884 3707 1013 3774 metrica,
1021 3706 1173 3776 Aldelrrrur,
1184 3706 1293 3782 primus
1307 3705 1467 3780 Anglorum
1481 3704 1530 3782 qui
1545 3704 1645 3761 utine
1656 3703 1778 3778 scripsit,
1789 3702 1819 3760 in

238 3804 370 3880 spaera
381 3804 419 3861 ad
429 3803 622 3873 Eathiridum‚
635 3805 684 3877 (7)
698 3803 838 3862 Joiarroer
847 3804 1109 3866 Cambrobritarrrrue
1120 3809 1151 3866 in
1171 3808 1229 3865 vita
1242 3808 1334 3866 Patris
1360 3808 1403 3866 sui
1417 3807 1545 3882 Sulgeni,
1560 3804 1694 3883 Episcopi
1715 3804 1817 3861 Mene·

240 3906 332 3967 vensis
346 3925 421 3964 anno
435 3911 490 3969 107
491 3913 523 3976 0,
534 3909 578 3978 (8)
590 3907 762 3979 Cemdenus,
775 3912 819 3983 (9)
841 3919 871 3966 et
884 3910 999 3987 plurimi
1013 3911 1072 3980 alii,
1091 3929 1162 3987 quos
1171 3910 1288 3986 longum
1301 3919 1374 3969 esset
1387 3927 1567 3969 enumerare.
1609 3907 1739 3966 Sufficiat
1761 3926 1814 3984 pro

235 4010 367 4070 amnibus
379 4007 530 4078 Ameana,
544 4009 593 4085 qui
606 4012 626 4042 ⁴⁴
641 4009 778 4087 Ealsrida
790 4030 823 4069 er
834 3998 973 4070 Hibernia
985 4014 1014 4070 in
1026 4014 1155 4071 Patriam
1168 4013 1293 4072 renerro''
1305 4013 1458 4090 inquit-⁴⁴
1467 4011 1626 4070 ineffabiles
1645 4008 1813 4068 Altithrono

235 4117 255 4149 ⁴⁴
277 4122 369 4191 grates
382 4110 547 4179 obtulimus,
567 4112 644 4186 quod
654 4113 692 4167 ab
704 4111 832 4171 incolatu
844 4118 955 4174 externi
968 4118 1041 4175 ruris
1055 4117 1208 4187 Hibernia,
1229 4116 1291 4184 ubi,
1319 4124 1362 4172 ter
1377 4116 1444 4172 bino
1458 4112 1575 4171 circiter
1598 4129 1737 4170 annorum
1759 4111 1815 4170 cir·

238 4220 258 4254 “
279 4217 358 4289 culo,
371 4218 441 4275 uber
465 4212 581 4291 Sophia
603 4232 704 4289 sugens
728 4218 901 4288 metebatur,
920 4220 1085 4296 repatrians,
1106 4219 1292 4296 Praeceptoris
1311 4219 1461 4276 vocamine
1480 4217 1569 4276 sortia
1581 4217 1670 4276 fretus
1692 4215 1815 4294 iungeris

238 4518 272 4576 (11
289 4515 385 4563 Jocelin
396 4531 418 4564 c.
431 4518 471 4564 71.
498 4514 580 4563 Triad.
592 4529 618 4577 p.
627 4517 668 4563 91.

232 4599 268 4657 (7)
287 4594 344 4641 Bed.
356 4595 408 4651 13,
420 4611 442 4644 c.
454 4600 495 4644 67.
529 4595 593 4644 Vide
605 4610 676 4658 supra
686 4602 737 4645 aot.
750 4597 781 4645 ad
793 4614 848 4646 ann.
862 4599 922 4652 661,
934 4611 989 4661 pag.
1002 4599 1043 4647 56.

232 4677 268 4729 (31
286 4672 376 4723 Confer
385 4673 488 4738 Calgani
499 4674 561 4723 Acta
573 4692 596 4739 p.
608 4681 665 4733 604,
675 4692 730 4726 cnm
740 4677 803 4728 Bed.
816 4679 832 4726 1.
844 4683 868 4734 t,
880 4695 903 4727 c.
915 4682 940 4734 t,
951 4685 976 4726 et
987 4694 1041 4726 ann.
1050 4680 1170 4742 caspar.
1181 4679 1213 4728 66
1224 4693 1304 4741 supra,
1318 4685 1343 4729 et
1352 4685 1403 4728 not.
1414 4692 1470 4728 cnm
1481 4675 1612 4733 1666675,
1632 4680 1657 4722 et
1667 4679 1717 4724 not.
1730 4685 1809 4736 supra,

237 4768 264 4815 p.
276 4757 316 4802 60.
421 4757 455 4814 lb)
473 4754 536 4803 Bed.
548 4757 632 4812 l.4,c.
644 4761 669 4805 4.
767 4758 801 4806 (51
820 4759 871 4807 MS.
884 4758 960 4807 Codes
970 4760 996 4806 ia
1007 4759 1118 4807 Storoerrre
1128 4774 1183 4807 ann.
1198 4762 1270 4808 1092.

171 4904 175 4911 μ
236 4836 272 4891 (61
290 4833 353 4880 Bed.
365 4832 429 4880 llist.
441 4833 569 4889 laesa
581 4836 599 4883 1.
610 4841 635 4893 4,
646 4842 701 4886 (1.4.
798 4842 833 4890 171
849 4839 933 4890 Veter.
944 4838 1073 4905 Epistolar.
1083 4839 1189 4906 Sylloge,
1200 4855 1225 4903 p.
1236 4842 1278 4888 37.
1376 4833 1409 4886 161
1433 4830 1605 4886 leial’retst.

239 4914 273 4973 ι91
291 4911 509 4963 Camdeallibern.
521 4917 614 4976 piso.
