4446 6000
671 587 1108 653 annonarronas
1150 591 1223 652 an
1263 591 1382 656 sac.
1407 591 1535 657 vm.
1762 537 1858 678 173

289 766 419 842 neglecta
434 761 564 832 volitant,
584 762 626 820 vel
640 763 772 821 lateritio
786 764 983 834 bibliothecis,
1005 765 1040 822 ad
1053 766 1146 840 justas
1161 766 1294 826 Historiae
1304 769 1378 845 leges
1396 769 1650 827 revocamus-Ei
1664 768 1775 827 interim
1788 771 1860 828 Viro

291 869 484 934 Nobilissirno,
500 867 547 943 qui
571 867 638 924 mihi
664 876 765 926 auctor
787 876 840 935 est,
862 878 895 925 ut
912 887 954 925 res
978 880 1086 926 nostras
1108 870 1193 944 paulo
1214 870 1374 947 diligentius
1388 891 1582 949 prosequerer,
1602 872 1747 947 ltlajorum
1768 873 1862 934 studia

287 990 350 1049 quae
367 958 494 1042 suerint,
507 989 569 1049 quae
581 973 676 1040 Artes,
686 970 753 1028 exili
768 971 834 1028 lieet
846 982 876 1027 et
887 972 988 1046 agresti
1004 971 1088 1047 stylo,
1101 972 1219 1030 breviter
1231 974 1366 1033 exhibere
1380 978 1558 1034 contendam.

327 1074 469 1152 Imprimis
479 1077 585 1151 itaque,
600 1075 760 1132 testimonia
769 1072 908 1132 hactenus
921 1077 955 1132 de
971 1074 1165 1133 Hibernoium
1183 1077 1298 1135 Artibus
1309 1078 1406 1149 allata,
1420 1078 1554 1154 exemplo
1567 1077 1771 1137 confirmantur
1780 1079 1860 1138 illus·

286 1178 398 1237 trissimi
412 1179 485 1250 Viri,
496 1179 604 1255 Virgilii
619 1179 752 1254 solivagi,
766 1177 886 1236 Abbatis
900 1177 1105 1247 Achaboensis,
1119 1198 1203 1254 quern
1215 1179 1242 1236 hi
1257 1182 1382 1238 Annales
1397 1193 1554 1240 memorant
1567 1184 1602 1239 ad
1617 1201 1723 1239 annum
1737 1188 1807 1253 788,
1828 1194 1858 1243 et

284 1281 328 1339 IV
343 1283 471 1358 Magistri
486 1285 521 1341 ad
535 1301 641 1339 annum
662 1286 732 1350 784,
760 1281 809 1357 qui
833 1280 909 1349 anni,
928 1281 1014 1355 juxta
1036 1283 1186 1339 amborum
1211 1282 1387 1352 methodum,
1412 1285 1586 1342 conveniunt
1605 1303 1672 1342 cum
1693 1303 1770 1343 enno
1789 1305 1852 1344 tera

284 1387 444 1443 communis
456 1390 524 1453 789.
568 1385 625 1442 Hic
651 1385 714 1452 Vir,
736 1385 841 1460 pietate
852 1383 1032 1461 conspicuus,
1046 1384 1144 1442 Terrae
1164 1385 1376 1454 rotunditatem,
1401 1395 1429 1443 et
1453 1386 1521 1443 alma
1533 1405 1590 1444 esre
1612 1387 1739 1456 domino,
1752 1388 1855 1445 nobhe

284 1487 394 1562 regione
406 1486 541 1562 oppositos
555 1487 704 1554 affirmans,
727 1487 834 1562 primus
847 1485 1073 1543 Christianorum
1093 1488 1252 1547 doctrinam
1267 1489 1434 1564 Antipodnm
1448 1490 1644 1566 propugnavit.
1685 1490 1852 1560 Aventinus,

283 1588 314 1647 in
337 1590 409 1647 libro
433 1591 518 1649 tertio
539 1591 694 1647 Annalium
715 1591 851 1646 Boiorum
876 1609 903 1665 p.
918 1595 984 1658 lta,
1011 1590 1172 1666 Virgilium,
1194 1592 1295 1667 inquit,
1324 1592 1352 1649 in
1369 1591 1520 1667 Diciplinis
1548 1593 1770 1663 Mathematicis,
1784 1604 1814 1651 et
1827 1593 1855 1652 in

286 1694 469 1771 Philosophia
482 1692 614 1761 Proiana,
628 1693 716 1769 magis
734 1712 812 1769 quom
828 1700 892 1748 tunc
908 1692 1060 1749 Christiani
1079 1693 1315 1768 moresscrebent,
1332 1695 1489 1766 eruditum,
1518 1714 1556 1752 ex
1577 1694 1744 1752 illius-modi
1767 1695 1855 1768 scitis,

284 1809 385 1855 contra
395 1798 469 1873 vulgi
484 1799 655 1874 opinionem,
681 1809 711 1855 et
725 1799 763 1853 D.
778 1798 939 1872 Augustini,
954 1817 988 1855 ac
1003 1798 1125 1854 aliorum
1141 1799 1258 1855 Petrum
1272 1797 1450 1866 sententiam,
1465 1797 1604 1867 docuisse,
1631 1801 1651 1830 “
1672 1798 1856 1876 circumfundi

285 1909 369 1956 trrroe
381 1899 498 1957 hominen
512 1900 638 1976 undique,
652 1909 679 1957 et
694 1901 829 1957 concertis
844 1901 916 1956 inter
930 1901 1079 1975 sepedibns
1090 1908 1177 1969 stare,
1192 1900 1262 1956 unde
1277 1899 1428 1974 Antipodes
1441 1897 1698 1976 Groecinnncnpant
1711 1901 1802 1958 uocc.''
1813 1901 1860 1975 (l)

283 2003 353 2063 Dixi
371 2003 489 2077 primurn
504 2002 587 2060 fuisse
602 2003 760 2078 Virgilium,
778 2003 826 2077 qui
846 2002 920 2059 hanc
935 2002 1104 2060 sententiam
1124 2011 1270 2070 tuccetum
1295 2002 1343 2058 alii
1368 2002 1492 2079 quidem,
1514 2021 1532 2059 a
1555 2002 1653 2079 priscis
1672 2003 1857 2080 temporibus,

286 2106 448 2183 Philosophi
462 2107 567 2175 Graeci,
588 2106 635 2183 qui
651 2108 840 2164 Astronomiae
855 2106 960 2163 dabant
971 2125 1096 2181 operam,
1120 2124 1177 2163 non
1203 2104 1253 2161 nisi
1274 2105 1428 2161 secundum
1444 2105 1560 2180 sphaerae
1572 2107 1753 2178 sententiam,
1780 2127 1860 2184 posse

284 2221 377 2267 motus
395 2220 547 2279 astrorum,
571 2210 698 2286 eclipses,
713 2210 797 2277 diem,
813 2220 995 2284 noctemque,
1007 2221 1036 2266 et
1049 2208 1105 2264 alia
1119 2209 1266 2264 innumera
1278 2206 1426 2282 explicari,
1441 2206 1612 2267 intellexisse
1627 2212 1758 2268 censendi
1779 2220 1859 2271 sunt·

286 2314 452 2373 Herodotus
474 2324 569 2371 autem
590 2314 619 2370 in
643 2315 838 2388 Melpomene,
858 2330 905 2367 eos
927 2312 975 2386 qui
991 2311 1106 2386 sphaerae
1120 2310 1278 2385 opinionem
1293 2319 1421 2366 tenerent
1437 2311 1492 2368 risu
1514 2313 1651 2386 repudiat.
1693 2313 1807 2385 Cicero,
1831 2317 1860 2373 in

284 2416 523 2473 Academicamm
538 2414 719 2490 questionem
734 2413 807 2470 libro
822 2424 934 2488 quarto,
950 2416 1135 2470 Astronomos
1148 2413 1285 2489 sphaeram
1300 2411 1522 2487 depraedieaotes
1548 2433 1603 2470 non
1626 2414 1688 2470 sine
1712 2415 1859 2474 cachinnis

283 2520 389 2578 derisos
411 2519 496 2576 fuisse
513 2517 648 2575 declarat.
698 2515 848 2573 Christiani
870 2516 1029 2592 scriptores,
1053 2516 1182 2592 plerique
1196 2533 1304 2584 omnes,
1326 2514 1468 2591 vulgarem
1490 2514 1618 2591 amplexi
1643 2515 1818 2591 opinionem,
1838 2537 1857 2576 a

282 2620 399 2698 rphaerae
410 2620 523 2676 notione
536 2619 647 2695 penitus
656 2619 855 2686 abhorrebant,
866 2629 896 2676 et
910 2619 1063 2695 Scriptura
1076 2637 1163 2678 sacrae
1175 2619 1244 2676 locis
1259 2637 1315 2675 non
1327 2618 1425 2694 paucis
1439 2617 1559 2686 inducti,
1570 2616 1686 2693 planam
1700 2636 1761 2675 esse
1774 2631 1857 2676 terrae

284 2725 460 2802 superficiem
471 2725 690 2783 arbitrabantur.
732 2724 858 2790 Cosmas,
870 2723 918 2798 qui
932 2722 1182 2797 cosmographiam
1198 2721 1395 2779 Universalem
1407 2721 1469 2796 jam
1491 2721 1669 2797 deperditam
1683 2722 1803 2798 scripsit,
1829 2734 1858 2783 et

286 2827 502 2904 Topogrnphiam
513 2824 698 2884 Christianam
709 2827 815 2882 editam
829 2844 846 2882 a
859 2825 1088 2894 blontsanconio‚
1101 2829 1144 2898 (2)
1161 2824 1189 2881 in
1203 2825 1319 2901 sphaerae
1339 2822 1508 2882 sententiam
1522 2823 1675 2894 invehitur,
1691 2835 1722 2882 ut
1742 2842 1760 2881 a
1781 2834 1859 2883 recta

284 2934 395 2992 ratione
409 2930 618 2998 abhorrentem,
630 2938 660 2985 et
672 2947 690 2984 a
705 2928 759 2985 lide
773 2926 905 2996 alienam,
916 2936 945 2983 et
957 2926 1019 2984 brec
1030 2929 1179 2997 senitentia,
1189 2931 1224 2985 ad
1239 2948 1276 2986 xv
1288 2948 1377 3003 usque
1391 2929 1538 2998 saeculum,
1553 2948 1571 2986 a
1583 2928 1723 3005 plerisque
1735 2929 1858 2986 Theolo-

279 3053 383 3114 gorum
396 3044 581 3110 propugnata,
591 3030 683 3088 effecit
697 3043 727 3087 ut
742 3031 886 3102 Testatus,
901 3031 998 3107 paucis
1012 3043 1078 3089 ante
1090 3032 1267 3109 exploratam
1281 3033 1443 3090 Americam
1454 3035 1544 3102 annis,
1558 3033 1674 3109 sphaerae
1687 3032 1858 3109 opinionem,

284 3137 364 3215 quasi
375 3137 404 3193 in
418 3137 473 3193 tide
492 3152 548 3192 non
563 3143 664 3203 tutam,
688 3143 716 3191 et
731 3134 921 3203 temerariam,
936 3134 1118 3208 rejiciendam
1131 3154 1190 3193 esse
1203 3136 1400 3194 declaraverit.
1421 3138 1464 3209 (3)
1504 3136 1627 3193 Minime
1640 3136 1737 3212 itaque
1751 3135 1856 3193 miran-

283 3241 397 3311 dum,si
412 3238 556 3315 Virgilius,
572 3237 746 3314 Antipodum
768 3237 936 3295 sententiam
951 3258 986 3296 ex
1000 3239 1124 3315 professo
1138 3259 1329 3316 propugnans,
1344 3259 1361 3297 a
1374 3240 1523 3297 Bonifacio
1538 3240 1709 3316 hloguntino
1723 3241 1859 3300 hereseos

283 3353 444 3412 accusatus,
460 3352 488 3400 et
501 3342 610 3400 delatus
622 3341 658 3398 ad
674 3343 780 3418 Papam
792 3342 970 3409 Zachariam,
981 3343 1086 3401 saeculo
1095 3342 1141 3400 viii
1157 3344 1184 3400 in
1200 3342 1313 3417 judicio
1326 3341 1382 3400 sisti
1398 3342 1608 3413 decerneretur,
1622 3345 1777 3421 praesertim
1792 3365 1858 3406 cum

283 3449 414 3506 doctrina
426 3447 498 3521 ejus,
512 3465 658 3524 perperam
672 3447 865 3523 interpretata,
890 3459 1010 3521 accepta
1021 3445 1104 3504 fuerit
1118 3445 1196 3523 quasi
1211 3445 1295 3502 aliurn
1308 3464 1369 3503 esse
1389 3445 1525 3514 mundani,
1539 3447 1608 3504 alios
1620 3450 1759 3508 subterra
1773 3451 1858 3509 dorni·

283 3572 340 3620 ner,
360 3555 397 3610 ab
415 3551 526 3609 Adamo
541 3551 658 3609 mimine
672 3563 759 3622 ortos,
771 3552 861 3610 alium
873 3551 967 3609 Solem
983 3560 1013 3608 et
1028 3551 1138 3608 Lunam
1153 3549 1318 3609 affirmaret.
1360 3549 1449 3617 Hinc,
1465 3549 1494 3606 in
1504 3549 1550 3606 viii
1565 3549 1701 3629 Capitulo
1719 3555 1755 3611 ad
1770 3555 1857 3615 Boni·

282 3655 400 3724 iscium,
421 3654 582 3711 Pontificali
596 3655 768 3713 auctoritate
780 3655 932 3713 decernens
946 3654 1105 3726 Zacharias,
1114 3656 1268 3732 inquit-‘⁴
1279 3653 1307 3711 Si
1320 3653 1509 3711 clarificatum
1522 3653 1606 3711 fuerit
1615 3655 1656 3713 ita
1668 3675 1734 3714 eum
1749 3657 1855 3734 [Virgi-

262 3761 304 3790 ·“
326 3753 410 3829 lium]
434 3756 574 3824 confiteri,
596 3759 671 3833 quod
686 3759 757 3814 alius
773 3760 896 3817 mundus
917 3768 968 3826 est,
979 3767 1008 3814 et
1023 3757 1070 3814 alii
1095 3757 1222 3815 homines
1245 3757 1298 3813 sub
1325 3764 1410 3822 terra,
1432 3755 1519 3825 hunc,
1541 3757 1636 3814 accito
1657 3757 1797 3831 Concilio,
1819 3764 1856 3820 ab

284 3865 304 3894 “
327 3859 455 3917 Feclesia
465 3860 548 3934 pelle,
562 3860 736 3916 sacerdotali
751 3860 857 3917 honore
868 3858 1038 3937 privatum.''
1054 3861 1102 3931 (4)

323 3962 368 4018 Ex
389 3961 431 4016 his
453 3960 567 4016 minime
582 3960 718 4035 sequitur,
745 3963 786 4018 uti
808 3970 889 4036 putat
905 3959 1060 4029 hlotarius,
1081 3958 1170 4035 ipsam
1194 3959 1373 4036 Antipodum
1398 3960 1556 4018 doctrinam
1579 3979 1598 4018 a
1611 3962 1750 4021 Pontitice
1774 3967 1854 4024 dam·

283 4074 392 4134 natam,
402 4064 451 4121 sed
466 4061 552 4120 aliam
566 4061 682 4119 omnino
696 4060 844 4131 diversam,
859 4081 942 4139 quam
958 4061 1076 4131 inimici,
1092 4074 1121 4119 et
1134 4062 1230 4132 invidi,
1244 4062 1365 4137 Virgilio
1378 4062 1483 4137 injuste
1498 4063 1657 4120 adscribere
1671 4065 1766 4122 conati
1779 4078 1856 4128 sunt.

283 4172 425 4226 Auctores
437 4164 539 4243 Operis
549 4163 594 4221 cui
611 4162 710 4219 titulus
737 4168 755 4195 “
771 4161 949 4221 Dictionaire
963 4164 1136 4240 Historiqur,
1147 4185 1165 4222 a
1179 4162 1263 4229 Coeo,
1278 4167 1384 4236 1789,”
1405 4176 1540 4224 accurate
1554 4166 1688 4244 inquiunt
1713 4172 1734 4203 ‘⁴
1748 4171 1856 4249 Virgila

283 4276 304 4311 ⁴‘
325 4269 360 4330 nh
374 4289 410 4347 en
425 4260 547 4338 irlande,
557 4285 638 4342 passa
647 4283 698 4341 par
711 4264 853 4322 laFrance
865 4284 900 4322 en
910 4266 1084 4342 Allemagne.
1108 4266 1137 4324 S.
1152 4265 1288 4324 Bonisace
1298 4266 1325 4324 le
1341 4265 1436 4325 delere
1448 4285 1485 4325 au
1496 4267 1571 4345 Pape
1584 4267 1731 4342 Zacharie,
1744 4291 1857 4332 comma

295 4596 339 4663 (1)
353 4597 418 4646 Vide
438 4598 469 4646 D.
483 4597 574 4646 Erasini
586 4596 720 4661 Hildeberg
735 4595 1145 4662 sac.1t1mp.squttis,0puscuts
1163 4596 1339 4664 Geographies,
1358 4601 1436 4654 Jeme
1448 4603 1520 4660 1710,
1539 4616 1564 4665 p.
1575 4602 1615 4659 85,
1633 4606 1659 4649 et
1671 4597 1773 4648 hrioli
1789 4595 1853 4649 Geo-

299 4678 383 4740 graph.
394 4676 482 4726 Venet.
496 4681 568 4726 16⁷2.

297 4756 341 4820 (2)
359 4755 511 4819 Mentioneon
521 4755 639 4806 collectio
651 4771 713 4804 nova
724 4754 774 4803 PP.
787 4763 842 4802 tom.
853 4759 876 4811 2,
887 4754 962 4812 Paris,
975 4758 1047 4812 1706,
1058 4770 1112 4822 pag.
1125 4760 1181 4807 11³.

298 4835 343 4899 (3)
360 4835 478 4881 Marcioni
489 4832 528 4881 De
540 4833 706 4883 Modersmine
718 4834 879 4899 Ingeniorum,
891 4834 998 4884 Colonia
1011 4838 1081 4884 1741.

297 4913 342 4982 (4)
357 4915 435 4965 Lethe
445 4909 537 4964 conob
549 4921 568 4962 t.
579 4917 603 4972 6,
615 4913 690 4974 Paris,
702 4919 774 4972 1⁶71,
789 4914 907 4966 &emim
915 4914 991 4981 Epist.
1002 4914 1033 4974 X,
1043 4931 1099 4982 pag.
1111 4919 1181 4968 itit.
