4446 6000
682 534 946 602 ansanus
978 482 1379 603 nerontnnsns.
1751 512 1819 622 87

236 721 362 817 Aldan
394 725 435 792 et
472 715 617 806 Catbal,
654 715 753 816 apud
769 715 981 814 Tirdaglas]
1015 715 1096 789 Lex
1117 715 1404 818 Patriciitenoit
1423 715 1653 792 Hiberniam.
1707 717 1818 791 Fian-

229 845 364 941 galacia
381 867 459 917 ntae
473 843 686 917 Murclrado
706 866 769 914 rex
788 842 857 915 Hn
871 841 978 914 alluit
1007 837 1183 936 [regionis
1199 838 1326 931 Urnal]
1344 839 1510 914 moritur.

229 971 299 1047 flu.
325 966 403 1046 ωτι
418 985 483 1053 m
497 967 562 1045 bt't'.
614 965 751 1043 lbelarr
767 988 880 1062 nepos
900 963 1020 1036 Broin
1039 959 1325 1058 Lageniensiunr
1345 989 1419 1052 rex,
1442 963 1636 1038 immatura
1652 977 1759 1057 etate,
1781 980 1820 1041 et

233 1091 426 1190 inopinata
450 1103 571 1165 morte
588 1090 708 1190 periit.
762 1064 847 1163 Tele
881 1086 1089 1186 Episcopus
1121 1085 1268 1159 Cluana
1297 1088 1431 1160 Iroird
1460 1087 1598 1184 dignus
1616 1077 1689 1162 Dei
1716 1093 1819 1164 miles

231 1230 375 1315 pausat.
431 1216 596 1293 Cernoclr
629 1215 728 1289 lilius
756 1213 964 1309 I‘ogartaig
1000 1235 1022 1282 a
1049 1209 1125 1282 suis
1141 1211 1327 1283 sceleratis
1343 1212 1454 1284 sociis
1471 1211 1597 1287 dolose
1607 1213 1816 1312 jugulatur,

232 1361 344 1432 quern
363 1338 571 1412 Vaccatum
590 1337 699 1410 vituli
727 1348 765 1410 et
787 1335 913 1408 infime
945 1332 1044 1407 orbis
1061 1333 1232 1408 mulieres
1260 1333 1399 1407 tediose
1427 1336 1620 1411 fleverunt.
1674 1339 1819 1415 Bellum

231 1458 526 1537 ArtoSmnatct
563 1457 666 1553 [vadi
688 1457 870 1556 vulpium]
885 1458 982 1531 inter
1008 1469 1160 1555 nepotes
1179 1458 1287 1531 Neill
1311 1471 1349 1530 et
1370 1457 1625 1556 Lagenienses,
1660 1462 1694 1534 ·i·
1723 1444 1821 1536 Cart

236 1583 437 1682 [praelium]
456 1582 592 1670 Ucltba,
611 1584 668 1678 (l)
704 1581 783 1654 xiii.
807 1581 903 1678 Sept.
924 1581 984 1654 die
1003 1581 1039 1654 vi
1058 1579 1157 1663 ferie.
1196 1581 1395 1655 crudeliter
1420 1595 1568 1679 gestum
1586 1599 1652 1673 est,
1685 1585 1723 1657 in
1744 1611 1820 1682 quo

233 1706 372 1781 binales
405 1708 526 1806 Reges
549 1707 637 1780 celsi
673 1705 812 1802 vigoris
845 1704 1015 1802 pectoris,
1050 1704 1160 1777 armis
1189 1704 1398 1777 alternatim
1432 1709 1620 1801 congressi
1651 1724 1749 1783 sunt.
1784 1713 1819 1785 ‘i‘

230 1834 316 1904 Aed
327 1831 477 1904 Alddnn
496 1855 561 1903 rex
581 1831 749 1918 Tentoria,
770 1840 808 1902 et
827 1828 910 1901 Asel
925 1851 1003 1900 moe
1021 1827 1183 1922 Colggen
1199 1828 1235 1897 ri
1253 1826 1427 1922 Laiginn,
1452 1831 1623 1924 equibus
1643 1860 1740 1907 uuus
1758 1861 1836 1909 su·-

231 1965 368 2050 perstes
386 1953 614 2042 vnlneratus,
636 1949 672 2024 ⁴i·
689 1953 772 2025 Aed
800 1952 950 2026 Alddnn
979 1950 1088 2040 vixit,
1124 1949 1219 2024 alius
1252 1974 1349 2039 vero,
1375 1952 1525 2024 militari
1557 1978 1736 2030 mucrone
1760 1981 1823 2031 ca·

233 2057 310 2175 pite
329 2089 526 2153 truncatus
547 2088 611 2148 est.
666 2075 776 2148 Tunc
794 2089 945 2173 nepotes
962 2075 1059 2151 Cain
1077 2075 1258 2148 immensa
1285 2073 1445 2154 ⁴victoria
1463 2075 1573 2151 ditati
1604 2091 1703 2166 sunt,
1734 2104 1822 2152 cum

236 2197 418 2298 Lagenos,
441 2224 526 2277 suos
545 2200 697 2288 emulos,
733 2200 886 2274 insolito
903 2223 1005 2272 more
1035 2197 1221 2296 infugam
1238 2196 1406 2283 mittunt,
1438 2201 1595 2284 calcant.
1632 2217 1819 2293 sternunt,

234 2322 470 2413 subvertunt,
503 2337 744 2415 consumunt,
773 2325 828 2396 ita
862 2335 1038 2418 utusque
1065 2319 1112 2395 ad
1136 2318 1433 2393 internecionem
1453 2323 1648 2399 universus
1677 2325 1821 2400 hostilis

233 2471 328 2544 pene
347 2447 490 2520 deletus
507 2447 705 2536 exercitus,
727 2446 855 2546 paucis
872 2444 1020 2520 nunciis
1039 2443 1358 2533 renunciantibus,
1379 2457 1416 2516 et
1445 2445 1482 2516 in
1502 2447 1566 2519 tali
1584 2447 1679 2521 bello
1697 2461 1822 2522 tantos
1891 2549 1893 2552 .

234 2569 414 2643 cecidisse
429 2568 568 2659 ferunt,
589 2586 751 2666 quantos
767 2596 830 2670 per
846 2582 1033 2645 transacta
1053 2584 1149 2642 retro
1164 2568 1298 2655 secula,
1319 2566 1358 2638 in
1389 2592 1468 2641 uno
1485 2569 1726 2646 succubuisse
1758 2573 1826 2645 im·

233 2705 333 2788 pern,
353 2704 390 2764 et
404 2693 521 2768 feroci
535 2693 711 2766 cecidisse
728 2693 911 2766 conflictu
930 2718 1006 2766 non
1025 2693 1280 2790 comperimus.
1313 2690 1543 2767 Ceciderunt
1562 2693 1600 2767 in
1611 2693 1683 2770 hoc
1698 2711 1822 2771 autem

236 2813 334 2886 bello
366 2814 496 2911 optimi
528 2813 642 2887 duces
669 2815 706 2885 ·i·
741 2815 824 2888 Aed
856 2838 933 2891 ntae
966 2815 1166 2911 Colggerm‚
1209 2830 1247 2889 et
1274 2815 1383 2888 Bran
1414 2815 1494 2890 decc
1530 2817 1644 2911 [Bran
1675 2821 1823 2915 parvus]

235 3133 284 3205 (Ι)
307 3131 442 3189 Praelinrn
454 3132 510 3190 hoc
524 3136 543 3165 “
558 3129 624 3188 ordi
641 3127 807 3200 Seonoielt,''
827 3135 846 3164 ‘⁴
863 3132 933 3191 ulios
945 3131 1069 3208 prelium
1085 3130 1233 3189 Uclbodlt”
1264 3131 1426 3209 appellatur
1438 3132 1466 3189 in
1487 3132 1559 3191 Cod.
1571 3133 1706 3194 Clarend.
1719 3143 1769 3206 49,
1795 3146 1825 3197 et

232 3230 263 3286 in
276 3239 386 3300 vetusto
402 3231 538 3287 Poemate
550 3229 716 3297 Hibernico,
730 3227 812 3302 cujus
823 3228 966 3287 distichon
975 3229 1124 3286 adducunt
1138 3228 1180 3285 IV
1200 3225 1342 3304 Magistri
1364 3229 1401 3285 ad
1426 3249 1493 3287 ann.
1504 3234 1563 3294 733
1587 3249 1650 3288 terae
1663 3250 1739 3292 eom.
1750 3238 1821 3297 788.

236 3324 307 3383 mes
320 3325 418 3401 praenr,
450 3323 775 3400 “arsrseprmfertar
800 3311 1825 3412 amtincoa.n0a1.0xnnncaeeern.-1vstagras,sagma,

234 3433 350 3478 narrata
372 3432 466 3497 strage
489 3421 578 3497 praelii
594 3419 744 3488 Potione,
769 3432 799 3479 et
812 3420 1001 3498 eausapraelii
1026 3427 1045 3454 ‘⁸
1062 3421 1106 3478 Ba
1120 3421 1153 3478 he
1161 3419 1287 3497 socians
1311 3441 1347 3478 an
1371 3420 1471 3478 cletis
1492 3422 1628 3479 cillcnnda
1649 3425 1684 3480 do
1707 3425 1824 3484 alterare

235 3521 255 3550 “
273 3513 332 3574 los
359 3515 461 3594 Segeira
482 3517 516 3574 do
539 3516 654 3574 maintir
668 3515 766 3573 Aodla
789 3518 861 3587 roin,
892 3518 994 3594 [causa
1017 3517 1106 3594 praelii
1132 3518 1185 3575 fnit
1209 3518 1275 3594 qnia
1305 3518 1434 3575 Ecclesia
1458 3517 1617 3576 Killeondae
1643 3520 1746 3578 violata
1771 3520 1824 3579 luit

232 3633 284 3690 per
306 3613 432 3690 O’Segart
446 3613 484 3672 de
508 3613 620 3672 familia
639 3613 707 3670 Aidi
722 3613 820 3688 lton]
845 3626 876 3671 et
899 3623 1000 3691 postea
1022 3625 1137 3674 narrate
1157 3612 1227 3670 Aidi
1249 3614 1346 3670 lisinii
1372 3614 1548 3691 captivitate,
1575 3635 1610 3675 ac
1632 3617 1824 3692 decollatione

235 3712 256 3740 ⁴⁴
271 3708 317 3765 no
328 3710 433 3766 deradit
450 3729 469 3767 a
482 3710 568 3768 clenti
580 3711 614 3766 de
638 3709 780 3774 foreloieli
794 3730 829 3767 art
843 3711 1011 3787 ciommeiglr
1022 3711 1051 3768 iu
1064 3709 1148 3769 dom
1168 3709 1290 3785 ternpuill
1302 3706 1481 3776 Foclairde,”
1495 3711 1666 3787 [decollatos
1680 3723 1723 3770 est
1735 3732 1824 3789 supra
1880 3775 1882 3779 ,
1912 3780 1916 3788 ,

235 3812 346 3881 petram
374 3816 463 3863 caetus
488 3805 616 3873 Consilii,
645 3825 734 3882 prope
747 3819 859 3881 portam
883 3806 1019 3865 Ecclesiae
1034 3805 1223 3880 Fochardiae,]
1256 3815 1287 3863 et
1310 3805 1441 3872 adductis
1454 3805 1569 3881 insuper
1584 3806 1749 3872 testimoniis
1762 3829 1821 3867 rne-
1912 3804 1917 3814 ’

236 3898 314 3955 tricis
328 3898 363 3954 de
372 3900 425 3956 isto
440 3900 552 3974 praelio,
579 3902 733 3960 Hibernice
758 3901 869 3977 scriptis
893 3920 911 3957 a
925 3902 1015 3959 Poeta
1034 3921 1129 3960 coaevo
1151 3900 1298 3978 Congasio,
1313 3911 1343 3959 ct
1355 3903 1392 3958 ab
1413 3901 1825 3970 Aedo·Allnnio,—Posteaad

236 3999 465 4062 ann.733‚aerae
484 4013 560 4053 corn.
575 4000 645 4064 738,
670 3997 802 4052 Praelium
826 3995 1015 4054 Art-Senam
1037 3999 1209 4065 describunt,
1243 3999 1272 4054 in
1299 4016 1356 4074 quo
1380 3996 1601 4071 “Lagenioronr
1616 3997 1646 4052 ix
1671 3998 1759 4055 miliia
1778 3999 1823 4056 in·

235 4094 255 4122 “
272 4091 384 4146 terfecti
407 4088 495 4156 suere,
522 4091 689 4147 testantibus
716 4090 826 4148 duabus
840 4092 964 4149 metricis
978 4093 1188 4151 narrationibus
1210 4112 1331 4168 quarunt
1351 4111 1437 4157 unam
1461 4097 1480 4124 ‘⁵
1495 4090 1628 4150 Samikon
1651 4113 1691 4152 cc.
1705 4094 1763 4152 rius
1786 4080 1837 4154 tert>

237 4189 256 4218 ‘⁴
272 4183 371 4255 Cotl,”
385 4183 506 4261 [Ceeinit
522 4184 610 4242 Poeta
624 4183 758 4242 Senrtbarr
768 4195 831 4260 post
838 4185 988 4262 prelium]
1009 4189 1130 4247 alteram
1144 4189 1248 4245 cecinit
1261 4193 1280 4220 ‘⁸
1298 4190 1360 4244 Rex
1375 4188 1434 4264 ipse
1447 4187 1528 4244 Aodi
1539 4188 1636 4259 Allan,
1660 4190 1708 4268 qui
1724 4193 1822 4269 praelio

236 4285 256 4313 ‘⁸
271 4282 427 4340 interfuit.”
469 4282 628 4358 Utramque
649 4281 795 4358 antiquam
820 4282 944 4359 produnt
963 4285 1066 4361 linguar
1082 4282 1248 4343 flibernicae
1269 4301 1343 4360 pene
1366 4283 1494 4341 obsoleta
1515 4294 1650 4356 vetustas,
1674 4299 1704 4345 et
1721 4307 1824 4365 poema
1843 4279 1848 4287 ’

237 4378 315 4437 aliud
330 4379 517 4439 Hiberniounr
531 4379 567 4436 de
586 4379 731 4436 &melani
742 4379 885 4449 laudibus,
898 4381 975 4455 qood
988 4380 1066 4440 idern
1080 4379 1162 4437 Aodi
1172 4378 1256 4436 Allan
1269 4379 1441 4455 composuit,
1459 4381 1540 4457 cujus
1562 4382 1616 4440 tria
1631 4383 1752 4442 disticha
1765 4405 1823 4442 ser·

239 4486 341 4533 rantur
363 4476 392 4532 in
416 4475 459 4532 1v
472 4475 678 4552 Magistrorrror
699 4476 856 4533 eternalibus
878 4476 915 4532 ad
936 4480 1085 4547 annm,
1108 4487 1137 4534 et
1164 4477 1193 4534 in
1207 4475 1375 4552 Tigersecii
1396 4475 1503 4536 Codice
1528 4479 1683 4537 Bodleiano
1709 4479 1758 4536 iol.
1776 4488 1821 4550 14,

239 4569 296 4626 col.
308 4577 336 4627 4.
352 4571 401 4627 lin.
410 4577 439 4630 3.
495 4570 627 4628 Somtlmn
639 4573 710 4629 obiit
720 4591 795 4630 anno
809 4579 879 4642 739,
904 4575 952 4649 qui
966 4587 1009 4632 est
1020 4574 1062 4631 1v
1076 4572 1281 4650 dlogirtrorsm
1294 4576 1365 4643 734,
1396 4573 1605 4642 Ultonienrirrm,
1618 4585 1646 4630 et
1658 4573 1825 4648 Tigri-nacti

237 4669 308 4727 730.
350 4667 481 4722 Duorum
494 4668 605 4743 Regum
620 4670 648 4726 in
660 4670 756 4746 praelio
768 4669 885 4727 Uelbed
897 4670 1040 4747 singulare
1050 4680 1209 4739 conamen,
1219 4669 1651 4747 stragesyooonageniensiun
1666 4668 1694 4725 in
1711 4668 1820 4727 vindic·
1856 4673 1866 4692 ‘

239 4771 298 4818 tam
313 4778 365 4835 pro
378 4767 458 4828 9000
473 4763 657 4837 Midensiurn,
671 4767 771 4826 occisis
785 4768 814 4824 in
828 4767 926 4844 praelio
946 4767 1074 4825 Almeiae
1088 4771 1243 4835 emotae,
1265 4776 1295 4824 et
1319 4764 1524 4822 O'Neillornrn
1540 4770 1623 4839 parta
1635 4761 1755 4821 victoria
1770 4765 1823 4822 tri·

247 4856 383 4934 amphus,
397 4871 566 4932 arguments
576 4873 641 4919 sum
655 4864 799 4940 precipua
814 4865 963 4942 poematis,
977 4864 1059 4942 cujus
1072 4873 1174 4926 entem
1184 4865 1344 4940 fragments
1353 4861 1383 4918 in
1398 4856 1581 4937 Tigerntcl‘b
1591 4865 1620 4917 θῑ
1629 4859 1658 4918 in
1670 4859 1822 4945 SssOb'ente·
