4446 6000
320 487 416 588 136
612 512 618 525 ·
702 509 1137 576 nasammonas
1179 510 1254 571 su
1293 512 1412 574 sao.
1436 510 1566 574 v1rr.

312 714 342 761 et
356 723 393 760 ex
405 701 542 775 Prospero
555 697 727 774 Aquitanico
737 696 850 751 dicente
864 699 884 725 “
899 694 935 750 ad
949 693 1049 750 Scotos
1068 692 1096 748 in
1115 691 1260 749 Christum
1270 692 1417 760 credentes,
1431 692 1579 748 ordinatur
1593 709 1611 747 a
1630 692 1710 767 Papa
1735 693 1885 756 Celestiuo

315 810 333 842 “
356 806 510 872 Palladius,
525 818 554 861 et
565 804 670 879 primus
686 801 843 876 Episcopus
858 797 1009 855 mittitur.''
1024 797 1069 868 (l)
1109 796 1240 873 Itemque
1252 816 1289 854 ex
1303 798 1387 872 ipsius
1410 797 1439 853 S.
1450 796 1565 855 Patricii
1580 796 1765 856 Confessione
1781 798 1860 859 edita
1870 821 1892 859 a

313 909 433 975 Waraeo‚
447 911 488 978 (0)
500 919 527 963 et
541 925 576 961 ex
584 903 763 961 Tertulliano
777 901 888 959 dicente
909 905 929 934 “
944 902 1145 958 Britannorum
1157 900 1293 957 inaccesso
1310 901 1442 958 Romanis
1467 900 1531 957 loca
1550 899 1664 958 Christo
1681 901 1823 972 subdita,”
1840 905 1894 978 (3)

313 1029 377 1088 quae
386 1013 472 1068 verba
483 1009 519 1065 ad
532 1008 697 1065 Hiberniam
710 1005 858 1063 referendo
873 1024 932 1062 esse
951 1004 1104 1061 doctissimi
1113 1004 1175 1060 Viri
1187 1003 1370 1072 arbitrantur,
1380 1023 1447 1061 cum
1458 1004 1628 1061 Tertulliani
1639 1007 1824 1083 temporibus,
1833 1007 1889 1067 Se·

315 1134 406 1183 verus,
420 1131 493 1170 atino
508 1111 625 1169 Domini
637 1117 707 1180 208,
721 1108 921 1176 “illectorem,
935 1117 963 1164 et
976 1105 1272 1180 Caledoniorumfines,
1283 1106 1320 1161 od
1332 1115 1478 1162 extremam
1490 1126 1574 1181 usqae
1588 1107 1741 1167 Britannia
1751 1111 1886 1185 pertem,”

315 1215 479 1273 testantibus
507 1212 681 1280 Herodione‚
708 1225 737 1271 et
759 1213 862 1280 Dione,
882 1212 1049 1286 penetravit.
1090 1210 1156 1274 Jam
1178 1229 1254 1279 vero,
1276 1228 1348 1286 pace
1372 1210 1481 1267 reddita
1504 1210 1670 1269 Ecclesiisa
1689 1212 1891 1283 Constantino,

312 1317 428 1374 Altaria
440 1316 662 1374 universalitate
675 1315 765 1392 lapide
779 1326 944 1374 constructa
957 1315 1053 1383 luisse,
1076 1314 1226 1391 multiplici
1240 1322 1408 1388 argumento
1429 1313 1624 1371 demonstrant
1645 1313 1798 1372 doctissimi
1823 1316 1888 1375 Vtri

315 1425 405 1491 Bona,
420 1423 566 1491 Martene,
581 1421 729 1496 Ringham,
744 1432 772 1477 et
784 1420 948 1478 Durandus.
989 1418 1120 1493 Plerique
1138 1417 1295 1491 Scriptores
1314 1416 1496 1486 conveniunt,
1523 1417 1611 1494 ipsius
1624 1419 1802 1478 Constantini
1815 1432 1889 1479 tem·

315 1526 469 1602 poribus,a
483 1525 615 1583 Silvestre
629 1535 766 1583 statutum
777 1525 870 1593 luisse,
887 1534 920 1582 ut
932 1522 1046 1580 Altaria
1058 1539 1111 1577 non
1123 1520 1177 1576 nisi
1190 1519 1297 1594 lapideo
1309 1533 1411 1577 essent.
1451 1521 1614 1580 Concilium
1623 1523 1799 1601 Epaonense,
1812 1545 1893 1585 anno

316 1634 385 1696 517,
400 1628 500 1686 statuit
518 1641 549 1687 ut
569 1633 589 1662 “
604 1631 729 1698 Altaria,
742 1629 796 1686 nisi
808 1630 865 1687 sint
878 1629 994 1704 lapidea,
1026 1624 1163 1682 inlusione
1190 1623 1356 1680 Chrismatis
1380 1643 1437 1681 non
1457 1626 1633 1683 sacrentur.”
1646 1630 1693 1701 (4)
1736 1630 1893 1707 Gregorius

316 1733 470 1808 Nyssenus,
485 1731 533 1807 qui
547 1733 647 1790 eodem
660 1732 767 1790 saeculo
782 1732 878 1788 floruit
891 1750 948 1807 qno
962 1729 1112 1807 Sylvester,
1129 1728 1231 1784 altaria
1241 1727 1356 1802 lapidea
1380 1729 1465 1786 luisse
1484 1730 1622 1790 declarat.
1643 1733 1691 1805 (5)
1734 1732 1812 1792 Talis
1826 1744 1891 1793 erat

315 1835 412 1911 praxis
426 1834 599 1905 universalis,
613 1848 714 1894 ettam
728 1846 860 1893 constans
874 1835 903 1892 in
917 1834 1085 1902 Occidente,
1098 1845 1131 1890 ut
1145 1843 1264 1906 urgente
1281 1819 1489 1899 Persecuiione,
1508 1851 1575 1891 cum
1586 1832 1699 1892 Altaria
1711 1835 1825 1911 lapides
1837 1837 1892 1897 lta-

272 1922 276 1929 *
314 1937 375 1994 beri
387 1955 443 1993 non
456 1948 578 2014 possent,
598 1949 736 1998 statutum
751 1937 844 2007 luerit,
857 1949 889 1996 ut
902 1939 1003 1996 saltem
1016 1941 1121 2012 absque
1135 1936 1227 2010 lapide
1240 1933 1340 2009 polito,
1356 1947 1533 2004 consecrato,
1545 1934 1591 1992 cui
1602 1935 1679 1993 calix
1692 1949 1721 1993 et
1731 1935 1822 1994 bostis
1833 1938 1889 1997 im·

313 2052 498 2116 ponerentur,
509 2062 591 2100 sacra
600 2043 742 2120 Mystena
752 2061 808 2099 non
818 2043 954 2099 deberent
967 2040 1113 2098 celebrari.
1129 2034 1177 2111 (6)
1211 2038 1313 2114 Neque
1326 2037 1394 2095 licet
1408 2058 1497 2115 usquc
1508 2038 1593 2097 hodie
1602 2040 1631 2096 in
1643 2048 1704 2097 tota
1716 2040 1888 2114 Occidente,

314 2147 368 2203 nisi
381 2163 465 2222 super
477 2146 576 2204 Altare
596 2145 738 2223 lapideum
752 2161 959 2213 consecratum,
984 2152 1035 2201 aut
1047 2142 1143 2200 saltem
1167 2161 1253 2218 super
1267 2141 1381 2198 Petram
1394 2153 1588 2202 consecratam
1603 2142 1720 2202 Missam
1729 2144 1888 2204 celebrare.

314 2242 380 2307 Jain
392 2268 458 2308 vero
468 2269 554 2309 nemo
567 2249 676 2307 inficias
687 2248 741 2306 ibit
754 2249 804 2306 bas
815 2249 1014 2306 vetustissimas
1036 2247 1113 2324 leges
1127 2245 1260 2321 Antiquis
1274 2245 1408 2304 Hibernis
1422 2266 1479 2305 non
1499 2246 1607 2322 ignotas
1618 2246 1713 2317 fuisse,
1734 2249 1890 2322 praesertim

314 2352 338 2408 si
360 2353 514 2428 perpendat
533 2351 682 2410 Antoniam
704 2349 802 2427 Yepez,
829 2353 926 2428 quiin
952 2351 1176 2429 Antiquitatibus
1203 2350 1371 2408 lllonasticis
1385 2351 1552 2427 indagandis
1563 2350 1719 2428 plurimum
1741 2351 1889 2423 laboravit,

313 2453 400 2529 plane
422 2474 546 2514 asserere
571 2455 777 2514 Monasterium
806 2456 1004 2514 Benchorense
1040 2457 1069 2513 in
1096 2454 1245 2522 Hibernia,
1274 2474 1313 2511 cx
1328 2473 1385 2529 quo
1404 2453 1455 2511 SS.
1465 2454 1618 2523 Columba,
1633 2454 1839 2524 Columbaous,
1861 2467 1894 2515 ct

315 2555 416 2614 Gallus
429 2558 568 2634 prodiere,
589 2564 682 2616 “esse
692 2578 781 2617 unum
795 2579 813 2618 e
826 2560 979 2634 majoribus
992 2576 1056 2635 quae
1070 2571 1166 2617 nostra
1186 2577 1267 2614 sacra
1282 2557 1390 2632 Religio
1404 2555 1513 2624 babuit,
1538 2556 1583 2613 rel
1597 2557 1684 2614 etiam
1698 2557 1782 2615 sicuti
1794 2559 1892 2632 credo,

318 2666 336 2692 ¹‘
359 2660 502 2716 monimum
522 2661 637 2718 omnium
658 2681 716 2737 quo
737 2662 766 2718 in
788 2661 900 2736 Europa
922 2669 983 2718 toto
1004 2661 1115 2719 condito
1123 2660 1254 2737 suerunt,
1274 2672 1304 2718 et
1324 2661 1355 2719 in
1376 2659 1534 2719 Occidente
1546 2659 1624 2718 aliud
1638 2682 1693 2721 nec
1712 2664 1814 2738 majus,
1834 2683 1890 2724 nec

318 2764 338 2791 ¹⁴
361 2779 412 2837 par
421 2760 516 2830 luisse,
531 2761 649 2838 legendo
664 2764 819 2841 comperi.'’
834 2767 965 2837 (7)-Α1
978 2766 1075 2823 demus
1094 2766 1228 2824 Hibernis
1240 2766 1323 2823 luisse
1332 2764 1480 2836 insolitam,
1493 2785 1582 2842 opera
1591 2767 1704 2844 lapidea
1716 2779 1893 2839 construere,

315 2864 419 2922 indeue
439 2877 604 2941 sequeretur
617 2871 700 2925 Artos
717 2867 857 2944 ignorasse
872 2869 1056 2928 Mechanicas
1075 2881 1127 2929 aut
1141 2870 1308 2928 Liberalesl
1350 2869 1431 2938 Quot
1450 2890 1570 2948 operae
1586 2871 1664 2949 ligno
1688 2885 1892 2934 construuntur

317 2985 389 3044 quae,
405 2988 422 3026 e
440 2980 549 3040 contra,
560 2970 677 3030 istarum
686 2973 801 3031 Artium
811 2974 911 3032 miram
924 2974 1126 3051 perlectionem
1142 2976 1295 3033 evincunt?
1316 2973 1390 3042 Quis
1402 2974 1494 3032 nescit
1512 2975 1637 3033 Navium
1651 2977 1817 3036 immensam
1830 2994 1893 3036 mo-

317 3073 384 3144 lem,
394 3074 505 3150 ipsasue
519 3076 701 3154 antiquorum
717 3079 877 3149 Machinas,
891 3079 994 3155 eligno
1007 3088 1196 3150 constructas,
1217 3079 1319 3155 quibus
1329 3081 1419 3136 Arces
1433 3078 1551 3156 lapideas
1563 3079 1758 3138 munitissimae
1773 3079 1890 3154 dejicie-

317 3179 438 3236 bantur?
479 3180 517 3238 Et
534 3182 647 3256 quidem
667 3201 774 3241 morem
799 3183 1025 3241 Hibernorume
1044 3182 1120 3259 ligno
1139 3183 1260 3260 levigato
1283 3181 1475 3253 construendi,
1488 3182 1639 3259 elegantem
1655 3183 1749 3253 fuisse,
1773 3191 1891 3243 testatur

318 3284 445 3361 Scriptor
464 3288 523 3362 ipse
542 3286 762 3362 elegantissimus
785 3285 881 3347 saculi
897 3291 944 3355 12,
964 3302 1028 3342 vere
1048 3284 1192 3361 eloquens,
1216 3295 1245 3344 et
1267 3305 1369 3346 aureus
1390 3287 1419 3345 S.
1431 3287 1604 3348 Bernartius.
1644 3293 1664 3322 ‘¹
1686 3288 1851 3348 Oratorium
1873 3306 1895 3347 a

319 3392 338 3420 “
361 3387 391 3449 S.
403 3386 552 3450 Malacbia
565 3401 763 3450 consumatum
787 3375 852 3460 mii,
870 3389 903 3446 de
928 3388 1012 3466 lignis
1025 3389 1130 3465 quidem
1144 3390 1283 3467 levigatis,
1297 3391 1346 3448 sed
1357 3400 1434 3468 apte,
1444 3389 1618 3468 firmiterque
1627 3400 1807 3462 contextum,
1823 3409 1893 3468 om

319 3497 338 3523 ·‘
360 3489 497 3551 Senticam
504 3492 649 3568 palclrrraem
662 3491 802 3566 ratis.''(8)
820 3493 906 3562 Beda,
918 3493 1075 3553 Ecclesiam
1087 3513 1248 3553 memorans
1258 3513 1345 3572 quam
1354 3492 1476 3554 Fiaaarrs
1485 3493 1775 3564 Lmdnfsrntemore
1787 3493 1893 3553 Hiber·

319 3594 395 3665 nico,
408 3596 557 3656 edificavit
567 3615 642 3655 anno
652 3593 721 3667 6³5,
735 3616 798 3655 eam
818 3598 953 3657 describit
971 3608 1030 3657 tam
1044 3599 1162 3660 tirmiter
1175 3609 1367 3676 compactam,
1380 3597 1414 3654 de
1436 3599 1533 3656 robore
1544 3606 1630 3675 recto,
1648 3610 1682 3658 ut
1703 3608 1801 3676 posteo
1815 3597 1892 3658 Esd-

321 3702 426 3770 bertus,
436 3713 561 3759 sextusa
575 3702 684 3761 Finano
698 3703 865 3781 Episcopus,
886 3709 906 3738 “
927 3713 1013 3765 totam
1027 3705 1112 3764 istam
1128 3705 1299 3775 Ecclesiam,
1313 3703 1369 3763 hoc
1384 3711 1430 3762 est
1445 3698 1477 3762 et
1500 3712 1664 3779 rectumst
1688 3703 1762 3783 ipsos
1776 3721 1894 3783 quoque

321 3809 340 3837 ‘⁶
362 3808 496 3881 parietes,
505 3806 609 3881 plumbi
622 3807 731 3864 laminis
741 3809 881 3869 curaverit
894 3810 1032 3886 operire.’'
1048 3811 1098 3885 (9)

335 4098 380 4160 (1)
392 4103 500 4166 Prosperl
510 4104 599 4154 Chron.
612 4105 642 4154 ab
652 4105 763 4154 Amoldo
774 4105 882 4155 Ponteco
897 4107 956 4156 edit.
968 4117 993 4156 et
1001 4110 1032 4157 ab
1046 4108 1122 4157 Henr.
1134 4107 1231 4158 Caninio
1240 4115 1298 4157 tom.
1309 4113 1332 4156 1.
1349 4106 1434 4171 Antiq.
1446 4106 1515 4156 Lect.
1526 4121 1557 4155 en
1566 4107 1658 4159 Codice
1665 4107 1814 4172 Augustam.
1832 4106 1897 4156 Item

333 4178 403 4226 Toni.
413 4187 437 4228 1.
449 4182 508 4230 Rer-
520 4184 653 4236 Francieer.
665 4188 696 4235 ab
707 4189 782 4237 Andr.
794 4189 827 4238 ds
838 4189 933 4247 Cietae,
943 4191 1062 4253 pegaob,
1072 4197 1097 4238 et
1107 4189 1173 4253 apud
1183 4188 1247 4239 uod.
1257 4188 1322 4238 um.
1334 4189 1350 4237 l.
1363 4193 1387 4243 1,
1395 4203 1418 4237 o.
1431 4189 1471 4235 18.

334 4260 381 4319 (s)
398 4260 517 4321 oweno
528 4260 631 4312 nonnus
642 4269 714 4322 sess,
725 4283 780 4332 pag.
792 4273 830 4324 rs,
839 4273 880 4317 so.

260 4358 263 4365 '
335 4339 381 4402 l³l
399 4338 488 4387 Tm·
500 4339 555 4388 ω’·
567 4341 700 4399 sudeam.
709 4345 865 4410 inscripsit
874 4349 959 4399 Βοωι·
970 4366 1033 4400 enno
1044 4355 1100 4400 201.

332 4420 377 4485 (4)
394 4417 575 4468 Leblecvsscll·
588 4426 644 4469 20³¹·
656 4427 681 4477 4,
699 4423 774 4479 Paris,
786 4432 859 4482 1671,
876 4445 939 4493 pag.
952 4434 1024 4486 1579,
1041 4442 1066 4479 et
1076 4440 1135 4481 tom.
1148 4435 1171 4487 1,
1183 4446 1238 4494 pag.
1250 4432 1308 4478 541.

333 4501 378 4567 (⁵)
396 4503 468 4566 Gree-
481 4499 872 4567 anmoinsaecuaemps,
908 4506 1697 4575 masne.ururg.1.1,c.so,p.sss,s,catecuminos.
1736 4503 1888 4555 mmmm

332 4583 418 4649 antiq.
431 4582 498 4632 Feci.
510 4579 586 4629 Ritlb.
598 4587 617 4628 t.
627 4587 651 4637 1,
661 4582 679 4630 Ι.
692 4584 715 4637 1,
726 4585 781 4637 cs,
792 4589 837 4630 nrt.
843 4587 868 4630 6.
899 4611 900 4614 =

336 4665 383 4726 (6)
400 4664 482 4713 Caroli
494 4661 580 4726 Magni
593 4660 742 4726 Capitularis
753 4661 771 4708 l.
783 4665 807 4716 6,
818 4677 841 4710 c.
855 4665 911 4716 101,
922 4671 947 4711 et
958 4668 1015 4720 205,
1026 4675 1059 4715 et.
1073 4669 1121 4724 17,
1133 4686 1155 4718 c.
1167 4672 1223 4718 ³20.
1286 4715 1288 4718 Α

334 4742 378 4803 (7)
395 4743 469 4806 Yepes
479 4744 584 4792 Monost.
591 4743 686 4793 Bened.
696 4747 745 4800 ci,
756 4750 821 4792 cent.
833 4748 856 4800 1,
866 4757 929 4790 anno
939 4745 996 4800 556,
1008 4746 1031 4792 ln
1042 4746 1099 4795 Vita
1109 4748 1133 4795 S.
1144 4748 1266 4800 estante.
1277 4761 1299 4794 c.
1308 4749 1332 4803 5,
1344 4747 1404 4798 etin
1414 4749 1472 4798 vit·
1483 4749 1509 4799 S.
1521 4747 1597 4805 Gelli,
1605 4762 1627 4796 c.
1635 4748 1663 4800 2.

335 4819 378 4885 (8)
395 4821 421 4871 8.
430 4822 539 4874 anerd
549 4823 575 4875 in
585 4823 642 4876 Vite
652 4823 678 4875 S.
687 4824 825 4877 Malachiae.
923 4824 969 4890 (9)
985 4824 1048 4875 Bed.
1059 4827 1076 4883 l,
1085 4829 1111 4884 ³,
1121 4842 1144 4876 c.
1156 4829 1199 4883 2⁵,
1216 4841 1272 4892 με.
1283 4830 1339 4877 151.
