4446 6000
708 516 971 581 Annaeus
1012 514 1415 583 annonarum.
1781 502 1843 596 51

1547 634 1572 671 st

269 692 339 773 fla·
366 691 425 771 Da
443 695 512 772 itt
545 694 630 769 Kal.
642 693 729 770 Jaa.
750 695 801 770 iii.
816 695 883 771 t'er.
900 698 981 774 lua.
998 723 1088 771 xxv.
1106 698 1152 770 ai.
1167 698 1273 772 xxvi.
1327 698 1432 772 Mors
1449 699 1555 776 Ferit
1583 706 1653 779 mic
1672 706 1847 802 Totolain,

269 830 307 894 ot
321 815 489 915 Dolairg
504 841 558 890 naa
573 818 680 894 Fooit
696 819 808 918 Regis
825 820 1038 896 Pictonum:
1080 820 1104 895 J
1107 821 1278 920 agulatio
1297 821 1445 898 Conaill
1456 826 1538 899 coil.
1561 828 1623 922 (1)
1683 830 1731 927 [C
1733 833 1848 908 onalli

270 942 445 1041 gracilis]
496 943 573 1018 Bel.
604 969 685 1019 con.
729 970 758 1019 s.
784 943 974 1040 [Praeiium
1009 943 1314 1038 Counachteuse]
1340 944 1379 1020 in
1413 972 1489 1043 quo
1514 950 1654 1025 cecidit
1685 952 1850 1030 Murena

269 1069 368 1145 filius
384 1069 559 1141 Tonaaini.

268 1195 337 1271 aa.
364 1188 424 1270 &a
440 1193 453 1266 1
469 1192 525 1267 tn'.
562 1189 739 1266 Katsan
749 1189 796 1261 iv.
806 1185 871 1261 fer.
880 1188 958 1262 lon.
968 1188 1032 1261 vii.
1084 1189 1282 1287 iugulatio
1305 1192 1453 1268 cuzuin
1483 1220 1539 1269 me
1567 1197 1764 1272 nlaeleoba
1790 1198 1852 1296 (2)

267 1516 395 1567 annunt.
438 1506 528 1564 Extat
548 1523 635 1582 usque
658 1501 744 1560 hodie
770 1501 841 1560 iiber
863 1503 978 1561 Vetusti
997 1505 1123 1564 auctoris
1147 1505 1180 1561 tie
1193 1504 1370 1567 Mirabilibas
1385 1507 1417 1570 S.
1428 1506 1590 1590 Scriptura,
1603 1512 1652 1589 qui
1667 1513 1704 1570 de
1714 1512 1806 1592 Cyclo
1819 1515 1851 1573 xi

266 1622 407 1661 annornm
437 1618 581 1671 nxxxrr,
618 1598 771 1674 inquit-‘⁴
794 1596 970 1655 Undecimus
1006 1618 1025 1655 a
1061 1600 1211 1658 consulatu
1232 1603 1346 1660 Paterni
1369 1617 1399 1663 et
1409 1606 1546 1682 Torquati
1570 1610 1607 1665 ad
1635 1618 1731 1667 nostra
1754 1628 1844 1687 usqua

265 1704 285 1733 ‘⁴
300 1710 432 1776 tempora
445 1697 608 1763 decurrens,
616 1703 818 1751 edreamanno
833 1691 1041 1751 Hibernenaiam
1060 1694 1191 1751 moriente
1211 1694 1367 1754 Manicltuo
1387 1698 1461 1758 inter
1484 1710 1598 1760 eeteros
1621 1704 1767 1779 capientes,
1787 1724 1843 1781 per

267 1794 417 1871 “agitem
431 1801 459 1850 et
472 1789 643 1848 duodecimae
665 1806 737 1846 nanc
751 1787 863 1845 tertiana
876 1807 976 1847 mam
1002 1809 1086 1866 agens
1111 1791 1148 1861 ad
1174 1791 1335 1851 futurorum
1349 1794 1532 1854 scientiam.”
1564 1797 1626 1868 Μ,
1645 1798 1686 1856 tie
1717 1798 1849 1862 Mirabii.

266 1910 294 1950 c.
306 1899 335 1960 4,
351 1899 371 1949 t.
386 1895 416 1958 ³,
432 1885 521 1966 Oper.
533 1884 561 1944 S.
576 1883 848 1962 Augustini-Nou
863 1898 907 1943 est
921 1886 1108 1944 dubitandum
1121 1888 1189 1964 quin
1216 1906 1268 1964 pro
1281 1887 1436 1948 ntontctaeo
1448 1892 1580 1968 legendus
1593 1893 1630 1951 sit
1642 1893 1848 1966 Manchaniua,

266 1984 365 2044 utloci
378 1995 409 2042 et
423 1983 557 2060 temporis
571 1980 766 2039 convenientia
789 1981 1124 2041 demonstrant—Locus
1144 1996 1185 2041 est
1209 1982 1357 2053 Hibernia,
1372 2004 1459 2043 annas
1471 1982 1541 2055 652,
1566 1998 1599 2046 ut
1619 2007 1656 2046 ex
1670 1988 1762 2065 Cyclo
1785 1987 1847 2066 ipso

263 2083 293 2141 in
319 2080 443 2139 Dissert.
457 2079 581 2139 Prelim.
604 2078 804 2138 demonstravi.
845 2080 958 2137 Auctor
981 2078 1057 2136 euim
1078 2078 1140 2148 iste,
1161 2077 1270 2156 Cyclas
1281 2080 1318 2136 ab
1340 2079 1422 2137 initio
1438 2081 1541 2139 Mundi
1556 2081 1714 2151 deducens,
1740 2085 1845 2143 eudem

266 2177 328 2255 ipso
343 2177 429 2234 inodo
443 2194 501 2252 quo
512 2175 555 2233 lv
564 2172 715 2251 Magistri,
728 2186 760 2233 ct
774 2173 940 2252 Tigernaci,
955 2178 991 2233 ab
1006 2177 1073 2233 orbe
1084 2174 1199 2233 condito
1214 2175 1250 2232 ad
1264 2174 1370 2236 Christi
1385 2175 1571 2246 nativitatem,
1585 2197 1672 2254 quam
1686 2179 1717 2236 in
1739 2197 1848 2238 anuum

268 2273 354 2332 refert
366 2271 487 2348 Augusti
502 2276 652 2340 42,annos
666 2284 798 2330 numerat
811 2277 900 2342 5199,
914 2271 991 2329 etad
1006 2271 1119 2329 initium
1141 2271 1215 2328 AErae
1229 2271 1387 2329 communis
1411 2277 1501 2330 5200.
1542 2273 1607 2332 Jarn
1634 2293 1703 2334 vero
1726 2276 1756 2331 xi
1764 2275 1847 2352 Cycli

267 2387 409 2427 annorum
420 2373 588 2437 532,auuos
602 2365 759 2425 conficiunt
776 2371 866 2436 5852,
876 2386 914 2424 ex
928 2366 1030 2443 quibus
1042 2367 1067 2423 si
1079 2366 1258 2424 deducantur
1271 2371 1361 2436 5200,
1383 2385 1491 2424 aunum
1507 2368 1673 2444 relinquunt
1684 2388 1748 2427 aerae
1767 2389 1847 2428 com·

265 2465 359 2524 munis
380 2460 450 2534 652,
464 2462 546 2539 Cycli
562 2462 592 2518 xi
606 2469 765 2533 extremam,
779 2481 847 2538 quo,
861 2461 934 2520 inter
947 2472 1066 2520 caeteros
1077 2459 1220 2520 Hibernia
1243 2460 1394 2540 sapientes,
1421 2459 1616 2533 aroannam,
1627 2464 1646 2521 i.
1658 2483 1684 2520 e.
1714 2462 1850 2520 Maniche-

266 2561 341 2618 ninm
355 2558 554 2616 Hibernensem
567 2558 671 2630 obiisse
683 2558 780 2629 tradit,
792 2558 944 2635 quodcum
955 2557 999 2615 bis
1012 2556 1172 2616 Annalibus
1182 2567 1318 2616 accurate
1331 2555 1518 2628 consentinus,
1533 2576 1633 2615 eorum
1646 2557 1849 2617 auctoritatem

264 2656 431 2718 inconcusse
441 2654 602 2724 coufirmat,
612 2662 643 2713 et
653 2654 775 2713 vicissim
788 2656 825 2712 ab
840 2654 938 2712 iisdem
953 2651 1100 2711 manifeste
1114 2653 1310 2711 confirmatur.
1573 2652 1575 2657 ’

268 2754 316 2824 (1)
336 2752 378 2810 1v
393 2748 533 2825 Magistri
553 2749 589 2805 ad
615 2766 682 2805 ann.
700 2745 771 2818 647,
784 2747 977 2823 iuquiurrt-“
990 2745 1130 2804 Danciod
1149 2745 1393 2806 acescentem
1416 2766 1476 2805 mae
1499 2746 1659 2817 Bluitimic,
1684 2765 1726 2805 nae
1748 2747 1849 2805 Aonio

266 2851 285 2880 ‘⁸
300 2846 394 2902 Sicine
407 2845 442 2900 tio
463 2843 558 2900 morbi
579 2843 607 2899 la
622 2842 757 2918 laignibi
771 2841 935 2900 ittairroeti
950 2841 1064 2897 mailinn
1085 2840 1284 2898 Maolodirain
1311 2861 1353 2901 uie
1376 2840 1479 2899 Diona
1508 2843 1593 2900 eruin.
1635 2842 1757 2903 Murena
1781 2862 1850 2920 agua
1923 2842 1926 2848 ’

266 2946 285 2977 “
301 2937 488 3000 Maolodbran
504 2957 536 2995 ro
557 2956 615 3015 gon
635 2936 731 2994 iadau
744 2936 797 2994 dis.
839 2934 925 2992 Aede
942 2933 1049 2993 roroid
1060 2933 1087 2993 i.
1101 2933 1299 2992 Maolodirain

504 3037 523 3066 “
545 3033 574 3090 Α
594 3031 711 3089 mnilind
723 3049 755 3088 ro
768 3029 832 3087 malt
846 3031 916 3087 ania
929 3029 964 3086 do
978 3028 1125 3086 tuirinn-

503 3133 523 3162 “
545 3127 590 3186 Ni
601 3129 633 3185 bo
646 3122 1054 3202 coimmcltsorSeirblind-in
1069 3124 1112 3181 roi
1125 3124 1190 3181 neit
1204 3121 1261 3200 for
1287 3123 1333 3180 nib
1347 3122 1496 3182 ceratam.

505 3228 527 3259 “
546 3224 592 3280 Aa
603 3241 678 3300 gran
691 3221 782 3277 neeilea
792 3239 827 3277 an
846 3220 1033 3288 nenileann,—
1042 3219 1073 3275 ni
1082 3219 1170 3277 coires
1179 3218 1244 3276 acnt
1257 3238 1289 3276 aa
1301 3218 1371 3296 derg
1384 3219 1543 3279 thnireunn.

504 3323 523 3351 ‘⁴
546 3318 590 3375 Ba
603 3319 638 3375 du
645 3336 737 3394 geacc.
749 3335 785 3374 an
796 3316 893 3374 croinn
903 3312 1094 3394 mair—sotio
1103 3314 1217 3371 annilina
1232 3313 1451 3373 biaoilodrainl’

264 3420 297 3496 [⁴⁴
315 3416 459 3476 Dunehad
469 3424 499 3472 et
510 3413 613 3472 Couall
623 3413 680 3470 duo
688 3413 740 3471 filii
754 3410 958 3480 Elathmachii,
969 3410 1020 3468 tilii
1032 3411 1105 3468 Aedi
1118 3411 1271 3481 Slanensis,
1280 3411 1367 3468 occisi
1376 3410 1455 3468 suere
1467 3431 1517 3488 per
1529 3411 1718 3487 ingenicuses
1737 3414 1766 3471 in
1792 3414 1850 3490 pis·

265 3519 285 3548 “
300 3515 375 3572 trino
398 3508 560 3570 Molendiui
575 3508 802 3578 Maolodbranii,
823 3505 876 3565 filii
902 3505 1018 3564 Diomai
1036 3504 1117 3566 fulvi.
1159 3506 1282 3565 Marcan
1307 3516 1337 3563 ct
1356 3506 1548 3564 Maoiodbrun
1570 3507 1772 3587 interfecerunt
1791 3528 1841 3577 cos

266 3613 284 3644 ‘¹
297 3609 393 3679 simui,
408 3605 485 3665 unde
500 3604 606 3664 cecinit
619 3615 706 3681 poeta
719 3600 955 3662 O'Maolodhrau
1664 3588 1668 3597 '

424 3706 444 3735 “
463 3699 494 3758 0
507 3698 695 3757 Molendiue!
723 3699 799 3775 quud
808 3697 948 3758 triturasti
964 3704 1162 3773 portentosum
1177 3696 1324 3756 triticum!

424 3798 444 3829 “
469 3795 536 3853 Non
545 3796 581 3852 sit
594 3794 624 3852 in
636 3804 773 3853 aeteruum
783 3792 820 3851 ari
833 3794 1025 3852 triturantium
1036 3793 1182 3850 moia—iu
1196 3812 1253 3869 qua
1275 3805 1394 3851 contusa
1406 3800 1449 3850 est
1461 3792 1605 3869 progenies
1620 3791 1756 3850 Cemeotii

424 3893 445 3922 ‘⁴
466 3888 597 3946 Granum
610 3890 688 3964 quod
702 3889 849 3947 contusisti
864 3907 921 3946 non
935 3889 1150 3946 avenaeratsed
1164 3890 1363 3965 sanguinosum
1377 3889 1504 3946 triticum
1521 3887 1528 3944 !

426 3985 446 4015 “
468 3983 637 4040 Maledictio
647 3985 683 4040 sit
696 3984 747 4040 tibi
761 3984 791 4041 in
803 3995 939 4043 aeteruam
954 3983 1099 4042 infamiam
1113 3983 1142 4041 Ο
1157 3984 1323 4042 Moieudine
1333 3980 1568 4055 Maoiodrauii.'']

263 4077 343 4137 Hinc
352 4085 465 4156 constat
475 4076 673 4134 Molendinum
687 4077 828 4136 diversum
842 4099 859 4136 a
873 4079 950 4137 mola
963 4079 1093 4149 trusatiii,
1105 4078 1300 4155 vulganern,
1314 4078 1383 4135 olim
1398 4075 1531 4134 Hibernis
1545 4077 1574 4131 in
1596 4094 1649 4134 usn
1664 4075 1758 4145 inisse,
1769 4076 1849 4153 quoti

264 4172 421 4233 notandum
436 4172 517 4242 duxi,
528 4184 561 4229 ut
575 4171 767 4229 recentiorum
780 4173 835 4230 hac
848 4172 883 4230 de
909 4193 939 4231 ra
956 4193 1064 4232 errores
1078 4173 1277 4232 reformentur.
1322 4173 1391 4228 Nou
1414 4171 1543 4247 sequitur
1565 4171 1641 4228 enim
1660 4191 1694 4229 ex
1716 4191 1750 4229 eo
1770 4173 1849 4249 quod

264 4269 392 4346 ignotum
408 4266 491 4326 tuerit
506 4266 708 4325 Molendinum
731 4267 760 4324 iu
781 4266 1072 4345 Caledonia-[quod
1094 4267 1210 4326 omniuo
1220 4268 1379 4345 negandum
1394 4262 1452 4340 est]
1473 4266 1537 4324 ideo
1549 4286 1601 4342 per
1615 4286 1790 4342 consequens,
1807 4269 1848 4344 ig-

265 4375 365 4421 notum
378 4362 464 4421 fuisse
475 4362 504 4419 in
527 4361 665 4420 Hibernia
671 4383 680 4429 ς
702 4362 845 4420 Nesciunt
858 4364 906 4438 qui
921 4363 990 4421 talia
1003 4364 1145 4423 blaterant
1159 4364 1233 4421 inter
1255 4364 1383 4423 Saxones
1405 4364 1509 4439 ubique
1531 4363 1686 4422 innotuisse
1701 4363 1741 4419 uti
1766 4372 1844 4439 putet

265 4479 302 4518 ex
315 4459 401 4528 Beda,
412 4468 443 4516 et
455 4457 517 4516 aliis
528 4478 537 4525 ;
579 4457 718 4516 Nesciunt
732 4476 789 4515 non
799 4457 884 4515 semel
897 4458 1071 4536 abantiquis
1095 4461 1247 4518 memorari
1260 4459 1291 4518 iu
1305 4461 1454 4531 Hibernia,
1468 4471 1499 4518 et
1511 4459 1541 4518 iu
1555 4460 1656 4518 charta
1672 4456 1843 4515 Donationis

266 4555 367 4613 Saeculi
382 4562 419 4615 12
430 4555 602 4630 cujusextat
612 4553 801 4631 exemplaria
817 4554 985 4626 ilarleiano,
1001 4568 1032 4615 ut
1046 4555 1112 4613 alibi
1127 4556 1245 4632 patebit.

268 4651 314 4720 (2)
334 4650 376 4706 IV
388 4649 525 4726 Magistri
536 4649 573 4707 ad
586 4668 652 4707 aun.
661 4645 722 4708 656
735 4649 867 4726 inquiunt
888 4654 907 4683 “
921 4649 978 4708 Jar
997 4651 1095 4709 nociti
1106 4649 1200 4708 sancit
1213 4650 1367 4709 malianum
1380 4649 1444 4707 decc
1454 4669 1482 4706 os
1492 4668 1533 4705 er.
1547 4648 1581 4704 do
1594 4645 1693 4703 Conoll
1705 4644 1767 4702 caol
1777 4663 1847 4721 agna

265 4745 285 4780 ⁸‘
309 4732 482 4804 do'Ceaitaci
491 4746 527 4805 da
539 4764 580 4805 mc
593 4743 752 4804 Musaeum
766 4764 808 4803 mc
819 4744 919 4802 Aonia
931 4765 973 4804 ine
988 4745 1158 4821 Ainnnreci,
1172 4747 1206 4806 do
1220 4767 1266 4807 cer
1279 4745 1379 4806 Consti
1391 4745 1420 4803 Ia
1433 4741 1578 4801 Diarnait
1591 4759 1631 4799 rna
1641 4739 1741 4798 Aonia
1750 4738 1846 4802 Sinin

865 4849 923 4913 ΗΞ
