4446 6000
318 499 414 598 lad
699 521 1134 591 annonarrortns
1175 520 1250 585 sn
1290 520 1565 587 snevrrr.

312 712 458 772 conditam
481 710 574 782 fuisse,
600 708 629 767 in
647 707 854 766 Dissertatione
876 703 1065 763 Preliminari
1077 703 1278 763 demonstravi.
1320 704 1417 761 Ambo
1432 702 1614 762 consentiunt
1626 713 1658 760 et
1678 701 1897 769 Derrememin,

314 817 444 882 Ultonia,
453 824 483 874 et
494 813 728 872 Deormuclmnam
744 812 773 869 in
787 810 934 870 Comitatu
948 807 1047 882 Regio,
1060 808 1097 863 ab
1111 807 1213 865 eodem
1220 805 1363 864 Columba
1375 806 1540 877 edificatae,
1552 816 1700 884 antequam
1712 811 1892 875 erHibmia

310 920 514 996 peregrinarer.
530 922 577 991 (1)
604 917 772 993 Siquidem
787 915 953 972 Derremem
967 911 1047 969 annis
1060 892 1161 967 saltem
1180 913 1215 972 17
1237 921 1304 966 ante
1319 908 1465 984 Hyonam,
1488 928 1564 967 anno
1577 930 1681 989 nempe
1692 910 1761 987 546,
1786 915 1893 976 fund..

317 1034 375 1081 tarn
391 1025 506 1080 tradunt
518 1020 643 1078 Annales
665 1019 855 1081 Ultonicnses.
882 1016 952 1074 etin
966 1014 1063 1073 lndice
1077 1010 1287 1087 chronologico
1302 1011 1452 1079 Ueserius3
1472 1024 1502 1070 et
1524 1013 1604 1072 Beda
1617 1016 1654 1073 de
1674 1014 1888 1077 Deotmccim

316 1125 467 1200 inquit-“
483 1123 602 1182 Fecerat
615 1135 713 1181 autem
727 1122 879 1191 Columba,
887 1119 1047 1195 priusquam
1054 1115 1230 1174 Britanniam
1242 1114 1359 1183 veniret,
1375 1114 1584 1174 Monasterium
1593 1118 1689 1175 nobile
1699 1117 1729 1177 in
1737 1119 1890 1193 Hibernia,

317 1231 336 1260 “
358 1227 444 1303 quod,
459 1246 477 1283 a
487 1226 580 1301 copia,
599 1226 745 1282 Roborum
759 1221 930 1279 Dior-mccli
944 1221 1039 1296 lingua
1061 1219 1224 1285 Scotorum,
1243 1217 1264 1274 i.
1274 1236 1299 1275 e.
1313 1234 1432 1292 campus
1447 1217 1595 1276 Robonrm
1608 1220 1836 1295 cognominatur,
1848 1241 1889 1284 ex

318 1337 337 1363 ‘⁴
359 1350 415 1406 quo
437 1343 560 1407 utroque
584 1328 773 1396 Monasterio,
797 1327 921 1403 plurima
943 1324 1048 1384 exinde
1070 1320 1249 1383 Monasteria
1262 1337 1315 1397 per
1328 1318 1482 1394 discipulos
1496 1320 1569 1395 ejus,
1583 1330 1613 1380 et
1632 1324 1663 1381 in
1685 1324 1890 1397 adsumet

315 1439 336 1466 ‘⁶
358 1433 498 1491 Hibernia
516 1445 671 1509 propagate
682 1430 777 1491 sunt.”

403 1537 513 1595 Notlrer
525 1536 673 1607 Balbulus,
698 1535 863 1595 Monachus
876 1534 908 1595 S.
923 1535 1073 1606 Gallemis,
1087 1534 1192 1593 Cereio
1215 1533 1304 1592 Calvo
1325 1533 1452 1609 aequalis,
1477 1534 1512 1592 de
1548 1535 1578 1593 S.
1592 1534 1742 1613 Comgallo
1762 1536 1895 1615 inquit-

318 1644 338 1674 “
360 1639 434 1697 Cum
448 1639 584 1716 plurimos
598 1640 762 1716 discipulos,
775 1641 819 1697 vel
833 1641 935 1710 socios,
949 1639 1108 1697 sanctitatis
1132 1657 1190 1696 suae
1204 1656 1286 1714 pares
1299 1635 1445 1694 habuisset
1468 1636 1498 1695 S.
1512 1635 1664 1707 Columba,
1688 1656 1779 1696 unum
1799 1650 1898 1701 umen

319 1747 339 1775 ‘⁴
360 1740 526 1818 Comgellum
540 1743 660 1813 scilicet,
675 1743 785 1813 Latine,
813 1744 907 1802 Fausti
921 1744 1034 1801 nomine
1049 1741 1197 1809 illustrem,
1222 1741 1430 1814 Pmceptorem
1445 1739 1480 1796 B.
1490 1738 1674 1810 columbani,
1686 1743 1813 1818 magistri
1833 1745 1896 1803 Do·

319 1850 340 1879 ⁴⁶
361 1845 430 1902 mini
443 1855 473 1901 et
486 1845 576 1902 Patris
593 1847 681 1904 nostri
695 1845 784 1918 Galli,
796 1847 934 1905 virtutum
945 1865 981 1904 ac
994 1844 1160 1903 meritorum
1173 1861 1289 1900 suorum
1302 1840 1382 1917 quasi
1408 1840 1538 1911 unicum,
1559 1844 1691 1921 exemplo
1714 1845 1804 1918 iaaac,
1827 1848 1894 1906 reli-

319 1952 340 1981 “
362 1945 423 2023 quit
433 1945 593 2005 heredem.''
617 1948 786 2022 <2)—lnter
800 1949 1032 2008 Dearmachanss
1055 1947 1249 2023 antiquitates,
1274 1945 1495 2022 Evangeliorum
1519 1941 1893 2010 adtrectamus&-

321 2051 451 2119 sabatur,
462 2050 641 2127 quemipsius
654 2050 804 2110 Columba
814 2052 910 2123 fuisse,
921 2052 1071 2121 Monachi,
1080 2053 1263 2127 antiquorum
1277 2048 1428 2107 traditione
1437 2049 1773 2120 edocti,dictitabent,ex
1786 2069 1854 2126 qne,
1863 2062 1895 2113 et

322 2172 360 2211 ex
373 2152 464 2210 altero
478 2171 534 2211 non
550 2153 665 2213 minoris
678 2158 834 2227 vetustatis,
848 2158 939 2215 eidem
952 2156 1101 2215 columbe
1114 2153 1263 2229 assignato,
1285 2170 1368 2228 quem
1382 2153 1412 2210 in
1426 2155 1497 2211 urbe
1510 2151 1607 2212 Keller
1621 2153 1766 2213 Mideuses
1778 2173 1893 2218 sacrum

322 2259 476 2330 habebant,
498 2259 577 2317 binos
587 2260 708 2331 libellos,
721 2259 757 2317 ad
773 2261 955 2319 variantium
968 2259 1136 2317 lectionum
1152 2274 1243 2328 usum,
1255 2255 1384 2314 Ueserim
1403 2257 1595 2318 concinnavit.
1608 2260 1655 2335 (3)

362 2363 614 2434 Quemadmodum
629 2364 740 2422 Scholae
757 2363 929 2433 Hibernicae,
950 2361 1008 2420 huc
1028 2379 1118 2438 usque
1138 2371 1313 2429 memorate,
1336 2371 1402 2420 sunt
1416 2361 1521 2438 Hpono
1538 2364 1721 2441 antiquiores,
1738 2366 1778 2425 sic
1792 2365 1898 2426 Schola

324 2466 422 2526 Cluuia
436 2467 559 2537 Ednoclt,
579 2465 611 2526 S.
627 2465 742 2525 Fintani
766 2466 950 2542 Praeceptoris
974 2467 1005 2524 S.
1014 2465 1163 2543 comgalli,
1188 2474 1219 2524 et
1240 2466 1333 2523 altera
1346 2465 1453 2524 Schola
1465 2463 1567 2522 Cissim
1580 2465 1682 2525 Iraird
1700 2468 1798 2544 [hodie
1810 2469 1900 2528 croo-

322 2569 416 2645 nard],
450 2588 470 2626 a
489 2568 664 2626 Silaniano
687 2569 807 2626 fundata
825 2588 901 2627 anno
922 2576 992 2640 520,
1018 2589 1070 2648 pro
1094 2570 1293 2647 predictarum
1323 2569 1543 2628 Hibernicarum
1566 2569 1737 2627 Matricibns
1762 2569 1900 2628 habenda

324 2682 400 2731 sunt.
428 2673 496 2729 Non
510 2672 604 2730 solum
615 2672 690 2729 enirn
703 2671 821 2747 Corngal
832 2681 860 2729 et
874 2672 1027 2743 Columba,
1037 2693 1140 2733 verum
1163 2685 1192 2731 et
1206 2676 1264 2733 duo
1280 2673 1432 2744 Brendcni,
1446 2673 1504 2732 duo
1527 2672 1659 2742 Kiersni,
1673 2670 1822 2731 Coniettia
1840 2690 1900 2750 quo

326 2773 478 2832 Killsennia
501 2791 604 2831 nomen
618 2773 739 2849 accepit,
754 2772 883 2852 Coemgin
897 2776 1154 2848 Glindalochensis,
1167 2776 1323 2835 [mereamur
1342 2778 1446 2848 senior,
1461 2785 1492 2836 et
1515 2776 1564 2834 alii
1578 2775 1693 2855 plurimi
1704 2774 1785 2834 istius
1804 2773 1902 2835 saculi

328 2880 480 2950 Doctores,
498 2876 661 2935 finitionum
672 2878 931 2952 Cloonardensem,
951 2890 981 2939 et
995 2880 1142 2940 fintenum
1152 2883 1187 2940 de
1201 2882 1305 2940 Cluuin
1320 2881 1440 2939 Ednach
1456 2881 1610 2957 Magistros
1623 2882 1747 2941 coluere.
1767 2884 1811 2958 (4)

365 2981 470 3058 Neque
489 2979 681 3042 confundendi
695 2991 760 3040 sunt
775 2983 937 3055 Finnianus,
956 2984 1001 3043 vel
1016 2985 1152 3045 lintanus
1163 2986 1327 3063 pradictus,
1339 3002 1406 3041 cum
1419 2981 1536 3039 fintene
1559 2985 1597 3039 eb
1609 2984 1781 3040 Adumnuno
1792 3003 1902 3043 memo·

326 3095 400 3158 rato,
430 3088 475 3160 (5)
509 3087 593 3163 cujus
616 3087 727 3145 obitum
756 3085 799 3144 1v
815 3086 957 3164 Magistri
979 3088 1108 3148 referunt
1128 3089 1165 3146 ad
1188 3108 1295 3147 annum
1322 3084 1393 3156 634,
1407 3082 1452 3158 (ὁ)
1477 3084 1523 3142 vel
1542 3102 1610 3142 cum
1643 3082 1779 3141 Fimriuno
1803 3085 1903 3144 Potiti·

317 3194 388 3266 fiee,
408 3193 515 3268 pariter
545 3191 575 3249 S.
590 3190 738 3248 Columbae
761 3189 912 3266 Magistro,
935 3192 973 3247 ab
996 3192 1096 3248 eodem
1122 3201 1291 3262 memorato,
1304 3193 1353 3250 ubi
1377 3190 1528 3267 inquit-“
1554 3188 1621 3246 Alio
1643 3188 1673 3245 in
1696 3197 1826 3265 tempore
1848 3189 1904 3249 Vir

328 3295 450 3351 Sanctus
468 3292 611 3350 Columba
631 3290 833 3348 venerandum
852 3291 1015 3366 Episcopum
1034 3292 1203 3365 finnionem,
1217 3316 1301 3354 suum
1321 3295 1457 3354 videlicet
1476 3292 1661 3370 Magistrum,
1681 3294 1795 3369 juvenis
1807 3312 1905 3354 senem

329 3396 400 3455 adiit
412 3396 439 3463 ;”
463 3397 507 3466 (7)
550 3394 622 3450 duos
655 3392 731 3450 enim
757 3391 857 3450 habuit
880 3395 1008 3469 ejusdem
1028 3398 1149 3457 nominis
1176 3400 1339 3477 Magistrm,
1366 3420 1490 3477 quorum
1517 3418 1590 3458 unus
1615 3398 1669 3456 suit
1686 3401 1784 3457 Abbas
1804 3397 1905 3458 clm·

330 3497 498 3567 lrurdmsie,
529 3495 601 3553 alter
625 3494 781 3571 Episcopus
803 3494 1003 3573 Meglbilensis
1025 3501 1056 3558 in
1079 3503 1229 3575 Hibernia,
1256 3515 1286 3562 et
1311 3517 1411 3582 postea
1435 3502 1561 3561 Lucernis
1589 3502 1619 3559 in
1649 3499 1902 3560 ltalia-Primis

332 3600 471 3659 memoria
494 3597 540 3656 die
561 3599 630 3657 Feb.
646 3604 696 3669 93,
723 3599 839 3658 alterius
861 3600 906 3658 die
935 3601 1078 3679 Septemb.
1099 3612 1146 3675 10,
1172 3607 1330 3683 iterumque
1354 3607 1400 3664 die
1424 3607 1565 3664 Novemb.
1579 3610 1626 3676 16,
1651 3604 1682 3663 in
1708 3605 1823 3664 vetustis
1848 3605 1907 3665 Ca·

333 3704 477 3776 lendariis,
502 3703 608 3780 duplici
621 3721 717 3762 annun
729 3703 918 3775 solemnitate,
934 3706 1099 3785 consignata
1120 3710 1293 3769 celebratur.
1303 3711 1347 3782 (8)
1387 3710 1435 3768 De
1449 3710 1542 3788 primo
1556 3710 1640 3789 plura
1657 3707 1766 3769 habent
1776 3718 1906 3771 auctores

333 4004 378 4070 (1)
394 4005 520 4055 Adamnan
532 4005 548 4053 l·
560 4009 583 4060 1,
594 4020 616 4052 c.
626 4006 652 4061 3,
662 4002 720 4052 edit.
739 4001 810 4069 Colg.
821 4019 876 4069 pag.
883 4006 940 4060 339,
951 4005 969 4052 l.
982 4010 1005 4062 1.
1016 4021 1039 4055 e.
1046 4010 1087 4062 99,
1106 4023 1132 4071 p.
1141 4011 1199 4066 344,
1211 4009 1259 4065 le,
1268 4024 1291 4058 c.
1298 4010 1341 4065 39,
1347 4023 1372 4072 p·
1382 4009 1441 4063 361,
1451 4014 1478 4055 et
1488 4005 1505 4054 l.
1514 4008 1540 4061 3,
1550 4021 1572 4055 c.
1581 4007 1621 4063 16,
1643 4006 1707 4057 Bed-
1714 4009 1733 4066 1,
1740 4011 1766 4067 3,
1775 4013 1833 4061 Μ.
1845 4006 1906 4059 aab.

336 4082 448 4133 Centabr.
459 4102 484 4149 p.
497 4090 553 4141 107,
564 4085 711 4141 camdenus,
722 4085 799 4134 etalii
810 4087 872 4134 male
882 4086 1033 4135 confundunt
1043 4085 1181 4138 Deormeelt
1190 4095 1216 4139 et
1225 4087 1357 4140 drdmen.
1368 4086 1454 4137 camd.
1464 4085 1567 4136 Hibera.
1577 4101 1602 4151 p.
1610 4090 1669 4137 ⁷64.

336 4165 380 4225 (9)
398 4164 485 4212 Notlter
496 4167 623 4231 Martyrol.
635 4167 694 4215 edit.
700 4164 799 4223 canisii,
810 4165 918 4215 Lectiom
930 4166 1013 4231 Antiq.
1024 4167 1056 4215 V.
1066 4168 1169 4218 larun.

336 4244 381 4303 (3)
398 4241 516 4290 Primord.
526 4259 549 4306 p.
560 4248 616 4293 691.
712 4246 757 4310 (4)
774 4248 897 4297 Adummim
908 4247 925 4295 l.
938 4252 962 4305 1,
972 4264 995 4298 c.
1008 4253 1032 4304 1,
1042 4263 1064 4297 c.
1072 4252 1098 4305 3,
1109 4249 1150 4297 ubi
1167 4250 1284 4301 &mem
1293 4251 1427 4300 Cbneruem
1446 4253 1570 4304 memorat,
1591 4250 1647 4304 eb,
1658 4245 1700 4297 ubi
1714 4238 1907 4297 &Mn

339 4322 356 4370 l.
370 4327 394 4377 1,
404 4337 427 4370 c.
439 4322 480 4376 rt.
489 4323 553 4376 161.
565 4326 589 4376 2,
598 4337 620 4370 c.
628 4328 651 4379 1,
668 4330 744 4381 6119,
755 4326 803 4383 13,
814 4342 835 4376 c.
844 4332 869 4384 2,
877 4331 902 4384 3,
913 4332 938 4384 4,
951 4333 991 4384 17,
1005 4335 1030 4377 et
1041 4345 1063 4378 c.
1073 4333 1114 4385 91,
1124 4337 1151 4379 et
1159 4329 1277 4381 Primord.
1298 4346 1324 4395 p.
1333 4334 1390 4385 908,
1401 4331 1459 4384 909,
1469 4331 1526 4376 910.

338 4403 383 4466 (5)
400 4400 505 4531 damn.
517 4400 677 4529 (1161366646.
687 4403 802 4460 l.1‚e.2.
899 4407 943 4472 (6)
960 4409 994 4458 Hi
1004 4408 1150 4460 Annalesad
1160 4426 1217 4461 ann.
1228 4415 1287 4469 636,
1296 4411 1366 4460 ambo
1375 4411 1408 4458 ed
1418 4421 1476 4458 ann.
1485 4422 1539 4458 ere
1548 4422 1610 4457 eom.
1621 4406 1680 4457 639.

341 4485 385 4547 (7)
399 4485 418 4532 Α
473 4498 521 4528 nau
542 4516 548 4527 .
577 4514 584 4535 ,
596 4495 618 4527 e.
649 4515 654 4528 .
888 4494 891 4501 ’

340 4565 384 4628 (6)
401 4563 511 4629 AErtgeuii
520 4562 611 4610 colidei
623 4560 1043 4626 Festilogium-opusSeecnlonII
1061 4577 1191 4626 exaratum,
1203 4571 1271 4636 enjus
1281 4575 1365 4618 extent
1373 4568 1520 4633 fragmenta
1536 4568 1562 4618 in
1580 4566 1642 4617 cod
1652 4560 1787 4613 Bodleltno
1798 4559 1868 4610 Iam
1882 4559 1911 4611 Ρ·

342 4646 382 4698 95,
401 4659 417 4689 s
424 4643 560 4706 quingentis
570 4651 596 4692 et
607 4641 709 4706 amplius
715 4641 783 4691 annis
794 4644 922 4708 descripto.
939 4646 1002 4695 Item
1012 4646 1157 4698 Celenderis
1168 4651 1233 4714 apud
1242 4648 1336 4713 Colgan
1345 4648 1372 4697 in
1381 4648 1451 4698 Aetia
1460 4664 1486 4713 p.
1491 4652 1549 4707 633,
1559 4657 1586 4699 et
1596 4648 1716 4711 cappam
1726 4643 1758 4691 ad
1769 4646 1800 4690 10
1810 4641 1913 4706 Sept.-

343 4722 432 4850 llolndnt
441 4731 503 4772 nota
514 4725 546 4773 sd
557 4723 694 4776 Umardum
714 4719 806 4775 rmus
816 4723 931 4776 Lucem
953 4728 985 4778 ed
997 4731 1028 4779 16
1038 4728 1103 4780 Nor.
1136 4731 1254 4780 Baromm
1272 4726 1298 4778 in
1307 4735 1358 4777 not.
1369 4729 1401 4778 ad
1412 4729 1543 4798 Martyrol.
1553 4728 1627 4782 llam.
1638 4731 1669 4778 16
1679 4724 1773 4784 Martii,
1784 4724 1852 4776 lister
1863 4720 1916 4777 Pri·

342 4816 392 4851 uer
411 4817 454 4866 .p.
465 4806 521 4856 954.
