4446 6000
317 467 384 575 70
761 483 1018 559 ,tustanus
1059 492 1451 559 unnoumusss.

314 677 383 753 au.
411 673 488 752 ὦτί
506 676 553 759 t'r.
606 674 833 749 Conainmuc
850 674 972 749 Fuilbi
989 674 1115 749 Abbas
1129 675 1202 752 Jae
1218 675 1424 774 pausat.(l)
1444 674 1667 751 Conrbustio
1686 680 1784 755 Cille
1804 686 1913 767 dura.

317 801 462 897 Congol
479 824 556 872 rrruc
573 797 883 898 Fergusufanud,
905 823 981 871 mac
998 799 1145 874 Cortaill
1158 798 1319 886 Guttae,
1343 799 1424 872 Rex
1439 799 1620 890 Temorie‚
1650 803 1776 878 sulrita
1788 821 1908 885 morte

317 922 439 1021 periit.
504 921 705 998 Inrbiurecc
726 922 954 1017 [contentio]
978 922 1075 1018 apud
1105 947 1223 1019 genus
1245 922 1422 1018 Comgur'l,
1452 922 1516 994 ubi
1535 924 1612 997 duo
1631 926 1697 1000 filii
1721 929 1914 1009 abertate

317 1072 373 1120 mc
392 1047 599 1142 Doirgorto
609 1045 777 1144 jugulati
796 1059 893 1118 sunt.
941 1043 1092 1142 Oengus
1119 1069 1196 1118 mac
1213 1042 1466 1143 Mueleansor
1480 1047 1570 1120 insci
1587 1050 1714 1148 [supra
1726 1051 1904 1149 insulam]

311 1168 520 1267 jugulatus.
550 1169 708 1244 Fiaclrrn
720 1193 797 1242 niae
815 1168 1010 1263 Dunguile
1025 1168 1122 1266 apud
1141 1168 1322 1244 Crur'tlrrre
1343 1168 1502 1264 [Pictos]
1517 1169 1725 1268 jugulatus.
1738 1222 1742 1227 ·
1756 1175 1908 1252 Colman

318 1318 396 1367 nruc
419 1293 643 1389 Seclrnusuig
674 1291 800 1364 Abbas
823 1291 971 1364 Loitlrri
1001 1291 1168 1363 moritur.
1235 1292 1472 1367 Justiniauus
1500 1296 1678 1388 secundo,
1713 1324 1798 1375 cum
1828 1301 1907 1377 filio
2008 1310 2012 1317 '

313 1417 473 1504 Tiberio,
501 1416 609 1489 annis
629 1415 662 1486 vi
683 1427 827 1512 regnat.
881 1413 1022 1511 Fergal
1043 1439 1122 1487 mue
1139 1415 1356 1489 Mueleduin
1387 1440 1542 1515 regnare
1558 1419 1704 1519 incipit.

314 1543 385 1618 au.
412 1537 489 1616 θεῖ
506 1558 540 1624 t.
593 1542 729 1615 Faelan
747 1562 860 1634 nepos
877 1536 971 1611 Silrrr'
989 1537 1156 1611 moritur.
1210 1536 1351 1610 Bellum
1368 1553 1545 1637 nepotum
1569 1544 1703 1636 Meua,
1723 1547 1787 1624 ubi
1806 1551 1910 1626 Titu-

315 1666 405 1739 dnctl
421 1689 498 1737 mue
514 1664 773 1760 Mochloirrgse
803 1661 884 1736 Rex
904 1672 1082 1758 nepotum
1099 1661 1236 1749 Metel,
1262 1673 1299 1733 et
1322 1661 1435 1736 Curor'
1466 1664 1565 1738 filius
1584 1667 1693 1758 Aede,
1714 1671 1781 1744 filii
1801 1672 1902 1748 Dul-

254 1858 256 1862 ,
316 1788 426 1884 tatgt
456 1787 692 1873 ceciderunt,¹
749 1785 897 1881 Strages
926 1783 1117 1857 Pictorum
1145 1784 1184 1855 in
1214 1808 1345 1882 campo
1371 1787 1545 1860 Manonn
1581 1791 1678 1888 apud
1721 1794 1895 1888 Saxones,
1959 1876 1963 1881 ,

319 1910 384 1982 ubi
403 1909 587 2006 Fiugur'rre
602 1908 700 1981 filius
719 1906 926 1980 Deileror'ttl
943 1904 1139 1978 immatura
1152 1918 1270 1979 morte
1279 1907 1414 2003 jacuit.
1469 1908 1621 2009 Cerffael
1632 1914 1905 1992 AbbasFobiur

318 2033 509 2135 moritur„
544 2031 768 2129 Congressio
804 2028 1001 2101 Britonum
1031 2043 1068 2102 et
1097 2030 1269 2103 Dalriati
1288 2029 1493 2130 sorlor'ngg
1522 2038 1631 2110 ecclet
1661 2037 1716 2133 [in
1742 2039 1900 2115 navibus

319 2158 416 2256 apud
443 2157 557 2249 Clcti]
587 2157 649 2229 ubi
674 2157 844 2229 Britones
869 2151 1020 2225 devicti.
1070 2153 1233 2248 Morgul
1260 2154 1357 2254 filius
1382 2157 1470 2230 Noe
1502 2159 1667 2233 moritur.
1714 2160 1903 2237 Coscradlr

317 2281 517 2381 [praelium]
544 2294 721 2381 nepotum
741 2280 848 2354 Neill
865 2303 911 2352 uc
927 2277 1073 2350 cuinciu
1102 2277 1264 2372 robar'rgr'
1280 2278 1392 2376 [apud
1413 2278 1536 2354 Colles
1553 2282 1746 2382 Robairgi]
1766 2287 1901 2384 inquo

320 2407 460 2484 cecidit
486 2407 583 2480 filius
611 2407 854 2481 Corrdibcerm.
879 2403 1060 2477 Discolor
1090 2399 1243 2500 sapiens,
1281 2415 1319 2474 et
1343 2403 1461 2476 Ultan
1478 2429 1556 2479 mac
1575 2407 1777 2484 Cumnriem‘
1794 2409 1902 2510 Epis·

320 2555 438 2627 copus
458 2531 676 2604 Tecleaolur'n
695 2531 916 2603 moriuntur.

321 2653 390 2733 litt.
418 2653 494 2732 tou
512 2654 560 2737 ti.
597 2653 728 2729 Coeddr'
747 2652 952 2752 Episcopus
968 2651 1040 2729 Jae
1056 2665 1194 2751 pausat.
1209 2652 1271 2751 (2)
1314 2655 1536 2730 Combustio
1552 2657 1720 2758 Tiarpirt
1740 2659 1908 2734 Boetten

317 2975 365 3049 (1)
379 2975 471 3055 Supra
480 2976 515 3033 ad
525 2994 590 3035 ann.
602 2972 662 3041 706
671 2974 988 3035 ‹licitus-“Damas
997 2975 1186 3050 Principutum
1196 2972 1374 3043 Jaerenuirt’
1386 2976 1487 3051 quibus
1499 2977 1589 3034 verbis
1601 2976 1670 3035 nibil
1683 2979 1761 3037 aliud
1772 2979 1852 3037 innui
1864 2980 1906 3037 ri·

320 3076 407 3132 detur
421 3075 522 3144 riisisseo
537 3094 612 3131 anno
626 3074 803 3131 nominatum
816 3073 911 3140 fuisse,
923 3081 1086 3128 senescente
1101 3067 1210 3125 Cosano
1218 3089 1270 3127 suo
1285 3072 1552 3146 praedecessoresed
1566 3090 1624 3128 non
1636 3075 1671 3128 ed
1683 3073 1906 3131 omniaAbbatis

317 3169 386 3243 jura
396 3171 440 3226 vel
454 3189 570 3227 munera
583 3170 749 3246 pervenisse.
778 3166 913 3224 Giroldus
934 3165 962 3221 in
975 3165 1080 3221 itinere
1090 3163 1270 3234 Cambrense,
1285 3184 1311 3222 c.
1320 3175 1350 3234 4,
1362 3167 1515 3243 iuquit—‘⁸
1529 3167 1665 3225 Ecclesiae
1676 3187 1726 3244 per
1736 3168 1906 3226 Hiberniam

322 3268 343 3298 “
360 3273 390 3320 et
403 3264 534 3320 Walliam
549 3265 646 3338 plures
667 3265 811 3319 Abbatem
829 3261 947 3317 Laicum
970 3259 1085 3317 habent.
1128 3259 1203 3317 Usus
1220 3261 1295 3317 enim
1310 3261 1437 3332 inolevit,
1451 3273 1482 3321 et
1495 3281 1581 3339 praru
1594 3263 1772 3320 cousuetudo
1784 3275 1816 3321 ut
1835 3264 1901 3321 Viri

326 3364 346 3393 ¹‘
362 3360 391 3415 in
402 3358 539 3435 parochia
551 3370 678 3433 potentes
692 3370 827 3433 tanquam
854 3355 989 3426 cuononi,
1006 3375 1055 3412 seu
1070 3354 1163 3433 potius
1178 3357 1370 3414 Ecclesismm
1392 3358 1523 3429 Patroni,
1542 3367 1574 3415 et
1595 3358 1755 3416 defensores
1781 3377 1799 3415 a
1817 3357 1906 3418 ctera

325 3459 345 3487 “
360 3453 519 3520 constituti,
540 3467 648 3528 postea,
659 3472 792 3528 processu
803 3453 948 3529 temporis,
964 3464 1051 3510 aucta
1065 3453 1209 3528 cupidine,
1221 3464 1312 3510 totum
1325 3454 1375 3527 jus
1396 3455 1448 3511 sibi
1472 3455 1660 3530 usurparent'
1701 3454 1778 3512 Olim
1791 3456 1820 3511 in
1834 3455 1903 3512 Mo·

324 3549 451 3607 nasteriis
465 3547 710 3624 principalioribus
725 3548 868 3606 Hiberniae
878 3558 959 3605 erant
974 3548 1122 3617 Monacbi,
1135 3549 1182 3623 qui
1193 3550 1320 3605 Abbates
1337 3547 1465 3620 Tunoiat,
1479 3549 1535 3607 i.e.
1546 3548 1708 3606 Sceuadart'i
1718 3550 1901 3618 dicebantur,

323 3645 373 3723 qui
395 3645 469 3702 vicos
492 3646 612 3718 agebant
633 3646 752 3700 Abbatis
766 3643 905 3711 Primam,
927 3645 1011 3721 eique
1025 3658 1088 3719 post
1101 3637 1211 3701 obitum
1233 3643 1456 3703 subiciebantur.
1500 3647 1575 3702 Hinc
1597 3645 1737 3702 Danclrorl
1753 3644 1903 3704 ordinatus

323 3753 366 3803 cst
379 3743 474 3798 Abbas
487 3739 608 3797 liiiensis
621 3753 687 3796 unte
697 3739 809 3796 obitum
821 3736 936 3808 Conari,
951 3752 981 3797 et
994 3738 1097 3796 Falchu
1119 3751 1189 3797 ente
1208 3739 1318 3796 obitum
1333 3737 1493 3797 Dunchadi.
1533 3740 1577 3797 lv
1589 3739 1728 3816 Magistri
1741 3750 1770 3797 et
1786 3738 1899 3796 Ultotti·

322 3840 443 3897 emese-d
458 3857 525 3894 ann.
537 3853 598 3892 aerae
613 3854 686 3892 com.
696 3840 754 3897 713
771 3835 961 3910 inquiunt-‘⁶
976 3834 1118 3892 Dorbat'ne
1127 3834 1202 3913 sodo
1216 3836 1275 3893 ubl.
1287 3834 1449 3904 Jae3uecc3'
1492 3836 1670 3912 [Durbenius
1684 3835 1783 3910 longus
1801 3836 1898 3893 Abbas

324 3936 447 3993 lliiensis
458 3930 553 4006 obiit]
598 3932 711 3998 Postea,
728 3932 763 3987 sd
774 3950 839 3988 unu.
853 3934 973 3992 714-“
985 3929 1087 3987 Pulcher
1100 3951 1159 3988 mac
1169 3931 1313 3988 Dorbberte
1323 3932 1358 3988 do
1371 3930 1461 3988 oirdn.
1476 3931 1504 3986 in
1516 3930 1630 3988 abdairre
1650 3930 1705 3989 Jue
1724 3932 1754 3987 in
1777 3928 1900 3988 certant

323 4037 342 4064 ‘⁸
358 4031 409 4088 Kl.
424 4031 458 4087 do
469 4029 623 4105 September
634 4028 681 4084 elio
689 4028 804 4084 Soteira
818 4027 852 4083 do
865 4025 1002 4083 sonnradlr
1016 4027 1069 4083 isin
1079 4026 1236 4084 ccotlrrumlr
1247 4026 1385 4083 bliadhoin
1395 4025 1600 4101 seoclrtmoglat
1610 4045 1628 4082 a
1652 4026 1749 4086 aoisi.”
1790 4026 1822 4102 [“
1836 4024 1902 4082 Ful·

322 4132 341 4159 ⁴‘
356 4127 412 4182 chu
428 4126 500 4182 blius
516 4127 661 4183 Dorbbeui
673 4127 819 4183 ordinatus
838 4125 865 4181 in
881 4123 1033 4181 Abbatinm
1047 4123 1191 4180 lliiensem
1202 4124 1228 4180 iv
1247 4123 1311 4179 Kal.
1323 4122 1400 4198 Sept.
1417 4122 1462 4178 dio
1474 4122 1590 4179 Sabbati
1608 4124 1801 4187 Pentecoste,
1823 4134 1903 4176 enno

324 4220 414 4277 aetatis
427 4219 510 4292 742']
542 4222 649 4279 Eadem
672 4222 777 4279 habent
791 4220 963 4277 Ultortienser
977 4221 1013 4275 ad
1028 4237 1094 4275 ann.
1105 4224 1176 4286 715,
1198 4231 1333 4277 ettamen
1345 4219 1386 4275 1V
1400 4215 1539 4292 Magistri
1554 4225 1582 4273 et
1597 4215 1771 4273 Ultorrieuaes
1789 4213 1899 4270 obitum

325 4315 474 4375 Dunchacli
487 4334 529 4370 mc
543 4315 663 4390 Curtbol,
687 4318 732 4372 eui
747 4317 882 4375 successit
897 4315 1011 4383 fulcis,
1030 4315 1155 4373 referunt
1167 4317 1203 4372 ud
1218 4315 1291 4372 diem
1307 4333 1366 4371 xxv
1385 4314 1456 4371 Maii
1471 4314 1538 4370 anni
1554 4308 1624 4379 716,
1640 4311 1713 4368 AEtae
1727 4327 1803 4366 com.
1816 4311 1874 4371 717
1889 4328 1900 4376 3

322 4433 357 4472 ec
372 4410 491 4490 proinde
506 4408 619 4477 Pulchr,
631 4411 741 4466 virente
757 4413 850 4467 adhuc
868 4413 1032 4469 Dunchado
1039 4411 1184 4468 ordinatus
1198 4421 1241 4467 cst
1256 4411 1283 4466 in
1296 4407 1469 4466 coabbatem.
1491 4409 1561 4466 Bed.
1575 4407 1650 4466 trist.
1666 4406 1772 4462 abbat.
1787 4423 1816 4479 p.
1829 4399 1902 4470 296.

315 4508 440 4586 'Colgaeni
460 4506 602 4562 erroribus
630 4504 828 4577 ignoscendum
849 4518 900 4563 cst.
952 4506 1039 4573 Quod
1063 4509 1086 4561 si
1108 4505 1235 4562 Annales
1267 4505 1446 4562 Ultonienses
1473 4504 1516 4561 illi
1540 4501 1686 4559 consulere
1700 4498 1834 4566 licuisset,
1858 4511 1904 4558 tot

321 4607 520 4684 imperitorum
549 4600 844 4658 anachronismosVir
868 4600 994 4675 alioquin
1019 4601 1145 4657 eruditus
1169 4600 1380 4675 proculdubio
1404 4600 1575 4675 castigasset.
1615 4593 1727 4652 conano
1740 4596 1771 4651 ix
1786 4595 1906 4668 Abbati,

323 4720 407 4776 quem
423 4701 463 4757 1v
475 4696 617 4775 Mummi
627 4696 664 4754 ad
674 4715 739 4753 ann.
750 4700 821 4763 708,
847 4701 866 4728 “
889 4694 1052 4752 Conumlmel
1073 4715 1132 4751 mac
1155 4694 1251 4751 frib·
1274 4695 1429 4771 appellant,
1447 4693 1580 4753 successit
1598 4690 1739 4750 Dunctad
1752 4710 1811 4748 mac
1834 4688 1903 4748 Cirr·

314 4795 444 4874 secludit,
467 4797 502 4850 rlo
525 4808 583 4871 qtto
607 4793 668 4850 vitle
689 4812 756 4850 ann.
778 4787 849 4859 706,
862 4794 1013 4860 709‚712‚
1023 4802 1051 4846 et
1064 4787 1134 4852 716.

289 4936 292 4941 .
324 4893 371 4964 (2)
391 4890 436 4948 De
451 4891 591 4970 Episcopo
607 4889 722 4949 lliicnse
734 4888 802 4950 Vid.
813 4887 881 4948 Bet.
894 4887 913 4947 l.
926 4893 957 4963 ³,
970 4904 996 4946 c.
1007 4893 1038 4964 4,
1049 4883 1249 4948 etauittnor.
1262 4892 1291 4959 8,
1301 4881 1387 4961 uso,
1397 4883 1584 4980 Caetobrigr'oe
1599 4891 1730 4968 imp.
1743 4888 1814 4952 107.
1828 4881 1903 4949 litt!
