4478 6008
706 576 947 642 annuens
991 573 1362 637 usaournusas.
1750 541 1812 642 61

245 766 337 844 latio
364 763 532 841 Cuondai
563 764 596 836 ic
628 757 844 856 Eugenain.
900 752 1124 851 Congressio
1153 750 1381 828 Caele-moeni
1406 749 1469 826 ubi
1500 749 1718 826 ceciderunt
1744 752 1820 827 duo

247 887 314 960 filii
328 877 552 959 Maetedein.
609 883 751 957 Baccara
763 880 864 979 peirn
869 935 930 952 .....
935 877 993 974 (l)
1012 874 1165 972 quievit.

244 1011 313 1089 sstt.
340 1005 399 1088 ωε
415 1011 472 1093 Its
488 1008 554 1086 aa
607 1006 689 1080 Kal.
699 1007 722 1080 J
725 1030 783 1079 an.
801 1003 849 1077 vi.
864 1000 928 1074 fer.
947 1001 1024 1073 lun.
1041 998 1077 1071 ii.
1108 998 1212 1070 Mors
1230 995 1404 1093 Colggnn,
1439 1021 1495 1071 me
1511 997 1657 1073 Faelbei
1674 1000 1821 1091 Flainn,

246 1131 359 1229 Regis
373 1131 557 1204 Menaeis.
590 1124 841 1223 [Mummiam]
867 1123 1036 1196 Daircill
1052 1144 1107 1194 me
1122 1120 1259 1196 Curtei
1270 1120 1473 1219 Episcopus
1488 1121 1643 1198 Glinne·
1645 1125 1706 1197 da·
1708 1126 1819 1215 locha,

246 1268 284 1328 et
299 1255 434 1330 Comen
449 1252 654 1351 Episcopus
672 1250 818 1323 Ferrarm
835 1255 1002 1344 pausant.
1024 1243 1088 1341 (2)
1142 1242 1361 1318 Interfectio
1380 1245 1536 1319 Generis
1549 1247 1720 1332 Loairnm
1756 1248 1824 1321 teir

246 1380 323 1453 iarn.
338 1378 391 1474 [in
408 1376 558 1473 regione
574 1373 676 1464 Iun]
727 1373 827 1444 Toim
853 1368 1012 1445 Sanmite
1030 1369 1114 1442 Rex
1134 1369 1290 1466 Osraigi
1309 1370 1459 1464 quievit.
1532 1371 1674 1444 Bellum
1696 1371 1822 1445 Dein·

247 1501 359 1590 locha,
395 1497 592 1594 [Dunloe]
613 1495 668 1592 (3)
691 1506 730 1568 et
764 1495 910 1568 Bellum
929 1494 1242 1581 staec-Maenia,
1266 1504 1305 1565 et
1332 1494 1504 1567 Deiredd
1519 1494 1822 1568 Kildara-Mors

246 1622 390 1697 Drosto
409 1620 474 1693 filii
489 1617 716 1691 Dominuill.
771 1616 915 1690 Bellum
932 1616 1158 1704 iccalatirros,
1179 1615 1292 1713 [apud
1308 1614 1463 1708 Calros,]
1481 1616 1518 1688 in
1534 1640 1609 1712 quo
1624 1617 1748 1690 victus
1768 1628 1823 1689 est

247 1743 451 1818 Dorrrlrnull
468 1742 579 1814 brece.
605 1739 845 1835 [Dovnaldus
859 1737 1096 1830 maculatus]
1115 1739 1177 1836 (4)

248 1869 318 1945 flu.
344 1863 573 1948 eoelestia
631 1862 714 1935 Kal.
731 1863 816 1936 Jan.
835 1863 899 1938 vii.
912 1861 978 1937 fer.
991 1863 1070 1937 lun.
1089 1861 1169 1935 xiii.
1238 1861 1355 1946 Quies
1398 1861 1523 1935 Feilde
1553 1861 1711 1935 Abbatis
1739 1862 1820 1949 Jae.

248 1984 426 2086 Cemffeel
451 2012 531 2061 mec
554 1989 670 2077 Attia,
705 1988 739 2060 ie
769 1986 939 2076 Bectoin,
967 1986 1121 2085 sapiens
1142 1997 1281 2083 pausat.
1301 1984 1362 2081 (5)
1418 1982 1560 2057 Bellum
1580 1982 1825 2057 Finsneeehte

247 2123 379 2185 contra
396 2111 691 2186 Baio-mboirctre.
745 2110 972 2184 Dormitatio
990 2109 1175 2185 Neetrtain
1193 2110 1283 2183 neir.
1310 2107 1513 2180 Dominall
1543 2130 1598 2180 me
1615 2105 1771 2182 Suiblme
1787 2109 1826 2182 lo

248 2235 372 2308 helltu
389 2237 550 2332 [occisus
569 2233 615 2307 ab
638 2230 825 2327 Ultoniis]
840 2233 1007 2307 moritur.

248 2359 319 2436 nn.
345 2357 404 2435 ωε
418 2361 537 2444 reete.
590 2359 739 2433 Colman
757 2359 882 2432 Abbas
898 2355 1082 2431 Bencheir
1105 2363 1244 2453 pausat.
1299 2352 1504 2451 ‘Jugulatio
1547 2355 1738 2447 Fidenate,
1771 2383 1826 2432 mc

248 2480 479 2572 Mmlcteilc,
525 2480 620 2580 regis
665 2481 924 2580 Lageniorum.
980 2479 1117 2555 Cathel
1142 2477 1176 2550 ic
1211 2476 1414 2574 Regelleig
1450 2479 1618 2554 moritur.
1681 2482 1826 2556 Bellum

249 2603 450 2696 Saxonum,
479 2604 543 2678 ubi
572 2605 713 2682 cecidit
740 2607 911 2685 Ailimme
938 2603 1036 2677 tilius
1064 2599 1186 2677 Oissu.
1207 2598 1269 2695 (6)
1324 2599 1498 2674 Obsessio
1534 2602 1643 2678 Dein
1684 2606 1824 2680 Boittc.

247 2725 388 2802 Dunch
418 2728 515 2800 filius
556 2729 739 2824 Euganei
764 2729 973 2825 jugulatur.
1027 2725 1132 2797 Mors
1176 2715 1378 2820 Fotarteig
1403 2724 1576 2825 Episcopi
1601 2729 1824 2804 Ardsrmotlre

250 2845 397 2921 Bellum
443 2850 492 2920 im
541 2848 701 2946 bodbgno
760 2851 863 2944 [cum
895 2845 1096 2941 Bodbgna]
1142 2842 1207 2916 ubi
1243 2845 1381 2920 cecidit
1424 2848 1554 2923 Conall
1597 2814 1823 2950 oinggneaeir,

1108 2997 1110 3001 '
1231 3006 1235 3015 ⁴
1681 3002 1713 3062 'st

247 3166 294 3239 (1)
317 3168 336 3199 ‘⁴
351 3165 491 3224 Ruinins'’
504 3166 576 3225 Cod.
591 3167 725 3226 Clarend.
735 3173 786 3236 49.
828 3165 886 3226 Hic
900 3175 953 3236 ast,
964 3163 993 3222 ni
1007 3162 1103 3231 fallor,
1112 3159 1323 3235 Bseonusfilius
1338 3161 1445 3220 Breuni
1458 3110 1620 3228 Monachus
1637 3166 1774 3237 Hiiensis‚
1795 3176 1826 3227 et

250 3256 446 3329 Anachoreta‚
461 3281 557 3338 quern,
580 3264 609 3320 in
626 3263 712 3321 titulo
726 3260 863 3339 Epistola
886 3263 922 3322 de
945 3255 1300 3326 controversarentur,
1318 3255 1724 3322 stantemstantem.
1754 3263 1828 3323 Vide

248 3352 445 3414 Bibliothecam
459 3358 576 3417 Hibera.
590 3356 701 3418 Cotton.
706 3358 795 3420 Vitel.
806 3363 844 3421 A.
857 3357 908 3418 xii.
920 3357 986 3416 MS.
999 3355 1029 3414 in
1048 3355 1200 3412 Stonerue.
1241 3351 1284 3410 1v
1298 3351 1438 3429 Magistri
1450 3355 1560 3414 obitum
1575 3357 1638 3433 ejus
1651 3358 1776 3419 referunt
1789 3360 1826 3420 ad

196 3518 222 3524 ,ι
250 3450 432 3523 xviiMartii,
445 3472 510 3511 annr
503 3449 594 3518 675.
982 3511 985 3518 .

252 3546 298 3618 (2)
318 3543 430 3622 Comani
442 3548 614 3608 honorabilis
623 3549 782 3628 presbyten
797 3549 841 3610 sui
856 3547 957 3617 conari,
970 3546 1101 3606 meminit
1114 3547 1276 3617 Adamana,
1291 3546 1348 3617 13
1363 3567 1389 3607 c.
1403 3555 1454 3607 23.

251 3642 334 3711 (3)“
350 3643 495 3720 Dunlieg”
506 3644 579 3705 Cod.
590 3645 723 3705 Clarend.
735 3652 785 3714 49.
827 3642 981 3702 Destocto
994 3646 1056 3700 Arx
1070 3641 1172 3699 Lacus.
1199 3640 1281 3698 Dan·
1270 3643 1341 3719 ·lieg
1363 3647 1424 3703 Arx
1439 3646 1592 3706 Saxorum.

251 3737 396 3807 (Antius
416 3751 477 3797 erat
496 3737 736 3800 Dentaullbrecc
762 3742 826 3800 Rex
847 3739 1001 3798 Scotorum
1023 3735 1164 3794 Albaniae.
1199 3737 1313 3796 V.ann.
1329 3734 1399 3808 641,
1417 3751 1446 3799 et
1471 3739 1540 3806 672.
1582 3741 1746 3802 DehocV.
1760 3762 1826 3802 aurs

252 3825 322 3887 685.

251 3925 296 3997 (5)
321 3924 378 3981 Hic
391 3933 433 3981 est
447 3923 596 4003 Cessaeiud
607 3930 728 4006 scriptor
739 3938 875 4000 vetustus,
887 3930 971 4006 cujus
984 3938 1085 4002 extant
1100 3877 1261 3987 ntetricaet
1274 3928 1428 3998 Historica,
1443 3931 1598 3990 Hiberniae
1610 3932 1725 4007 scripta,
1736 3934 1765 3989 in
1780 3952 1826 3990 vc-

252 4019 335 4076 tustis
348 4019 502 4077 Codicibus
516 4025 754 4081 membranaceis
747 4043 776 4082 rn
794 4026 946 4084 Stowense.
968 4025 1040 4082 Vide
1055 4024 1176 4081 Dissert.
1190 4023 1311 4082 Pristim.
1313 4025 1400 4080 —Dc
1411 4023 1520 4093 Fulbeo
1536 4027 1697 4083 Adamnaui
1719 4030 1827 4103 praede·

253 4131 367 4172 cessare
384 4115 414 4172 in
431 4117 607 4176 Monasterio
623 4117 749 4188 Hiiense,
776 4119 834 4193 agit
846 4118 1010 4176 Adamana
1002 4138 1074 4194 ipse,
1090 4120 1109 4176 Ι.
1125 4127 1150 4189 1,
1161 4137 1187 4175 c.
1203 4125 1232 4175 3.
1289 4120 1333 4174 De
1356 4117 1468 4191 reliquis
1488 4119 1549 4191 ejus
1574 4120 1826 4193 praedecessoribus

252 4208 318 4266 vide
339 4220 398 4268 not.
407 4210 443 4267 ad
469 4207 698 4270 anneta-tv
709 4210 848 4289 Magistri
866 4215 903 4270 ad
917 4232 983 4270 ann.
998 4208 1057 4276 674
1070 4213 1261 4287 inquiunt-‘⁴
1275 4211 1306 4269 8.
1321 4210 1433 4266 Colman
1457 4212 1708 4291 Eps.Inisbo·fiade
1725 4219 1826 4276 decenn

255 4308 274 4336 ‘⁶
290 4303 346 4362 aiii.
359 4304 387 4361 la
399 4303 647 4381 daug.-Cosccr.
660 4306 756 4383 Ailigt
759 4306 811 4384 fri
818 4308 917 4385 greitan
930 4307 959 4365 le
972 4306 1153 4364 Pinsneaclttu
1171 4326 1212 4363 mc
1221 4305 1412 4390 ADarrcltadlra.
1452 4307 1544 4366 Far'lbe
1557 4311 1615 4368 att.
1628 4311 1682 4370 Jac
1695 4314 1730 4370 do
1742 4313 1826 4371 saodlt

255 4401 274 4432 ‘⁴
289 4398 449 4477 irasciting
458 4419 476 4457 a
486 4399 696 4477 teirirrn.”-[“
705 4403 735 4460 S.
746 4401 867 4460 Colman
881 4403 949 4478 Epa.
963 4401 1071 4464 Insula
1080 4404 1184 4459 Vaccae
1196 4402 1277 4471 albae,
1290 4405 1327 4462 de
1341 4422 1397 4479 quo
1408 4403 1472 4462 vide
1486 4424 1551 4463 arrn.
1564 4402 1635 4476 675,
1648 4409 1767 4466 decessit
1777 4411 1825 4466 die

256 4497 305 4551 “8
321 4497 452 4572 Augusti.
495 4497 624 4555 Vastatio
636 4497 718 4554 Areia
736 4496 838 4555 Ailech
847 4482 870 4554 'a
882 4497 1070 4555 fundamentis
1084 4517 1136 4580 per
1148 4497 1170 4553 F
1172 4498 1335 4557 irrsneaehta
1354 4499 1458 4574 Regem
1474 4501 1618 4559 Hiberniae
1637 4503 1726 4560 filium
1741 4505 1825 4562 Dun-

255 4591 277 4621 ‘⁴
291 4588 384 4646 chadi.
424 4590 540 4648 Patiens
564 4595 660 4649 Abbas
680 4591 804 4649 Hiiensis
819 4586 947 4651 redit'ad
966 4610 1048 4648 suum
1062 4591 1157 4671 locum
1175 4594 1293 4670 refugii
1292 4594 1321 4652 in
1343 4595 1533 4671 Hiberniam]
1578 4599 1678 4655 Postea
1700 4599 1736 4654 ad
1756 4616 1820 4656 ann.

256 4679 402 4745 “677-
403 4684 462 4742 “.8
478 4685 727 4746 funestatae
754 4685 814 4746 cor.
831 4688 893 4745 cille
915 4689 989 4744 dccc.
1050 4664 1190 4765 Ccerffaol.
1215 4710 1257 4748 mc
1283 4673 1395 4749 Oiliotla
1418 4694 1463 4749 sai
1489 4693 1518 4748 in
1540 4711 1621 4751 eccae
1644 4692 1734 4751 dcce.”
1754 4731 1757 4735 ,
1776 4691 1824 4770 [S.

257 4777 412 4856 “Falbeus
440 4781 537 4837 Abbas
558 4782 681 4839 Hiicnsis
702 4782 830 4841 decessit.
871 4783 1063 4841 Ceantaoladh
1078 4783 1153 4841 tilius
1166 4784 1257 4844 Arlrllr
1266 4806 1378 4864 sapiens
1388 4783 1535 4862 decessit]

255 4869 301 4950 (6)
324 4870 424 4932 Cicron.
435 4872 526 4932 Sason
537 4893 604 4938 ann.
612 4875 683 4948 679.
723 4878 819 4937 “Her
829 4878 878 4936 Ε
865 4876 1036 4957 foraciones
1048 4870 1249 4970 pfslcgcnl'
