4446 6000
315 537 414 636 140
699 557 1137 625 nnnorarronns
1179 557 1253 619 ,en
1294 558 1569 625 ameum.

352 723 439 819 Beda,
454 749 481 806 in
491 748 559 804 Vita
574 746 602 803 S.
616 741 726 806 Felicis,
741 761 826 819 quarn
841 759 879 798 ex
891 737 1009 797 metrico
1017 757 1105 814 opere
1121 738 1149 794 S.
1160 737 1269 796 Paulini
1284 739 1312 795 in
1327 760 1439 817 prosam
1454 744 1606 814 transtulit,
1621 744 1724 820 inquit,
1738 747 1896 813 Paulinum

313 854 474 912 Ecclesiam
493 852 521 908 S.
532 849 630 908 Felicis
644 847 733 904 tribus
747 846 826 903 annis
848 843 1007 920 perfecisse,
1039 852 1067 898 et
1078 842 1107 898 in
1116 842 1245 916 picturis,
1259 851 1341 916 atque
1361 845 1433 901 omni
1446 854 1545 903 ornatu
1555 864 1614 915 sno,
1640 848 1737 906 debito
1754 850 1812 910 tine
1823 870 1896 912 con-

313 958 409 1026 clusit,
424 975 498 1012 anno
511 959 653 1010 400-410.
674 954 718 1024 (l)
768 948 956 1006 Doctissimus
971 946 1071 1014 Smitl,
1096 946 1126 1002 in
1149 955 1218 1003 nota
1242 945 1278 1002 ad
1303 946 1379 1003 hunc
1400 947 1505 1017 locum,
1527 949 1629 1024 inquit,
1645 950 1795 1011 Paulinum
1820 972 1897 1031 quo·

317 1063 408 1117 tannis
422 1057 559 1113 S.Felicis
578 1055 714 1122 natalem,
736 1053 875 1110 Natalitio
899 1051 1024 1108 carmine
1037 1050 1181 1106 celebrare
1205 1049 1332 1119 solitum,
1365 1069 1485 1125 quorum
1499 1052 1658 1112 carminum
1678 1057 1893 1117 extentdeeem

315 1163 431 1236 integra.
460 1163 480 1191 ‘⁸
494 1158 653 1234 Dnngnllus
666 1157 753 1226 enim,
765 1167 887 1214 vetustus
900 1157 1020 1230 scriptor
1035 1151 1255 1231 [Hibernensis‚]
1265 1155 1309 1224 (2)
1329 1153 1456 1229 quiante
1471 1174 1559 1212 annos
1572 1161 1631 1213 800
1644 1157 1725 1229 vixit,
1739 1158 1769 1216 S.
1780 1157 1894 1234 Crucis,

315 1273 334 1299 “
357 1265 622 1341 Reliquiarumquc‚
641 1272 671 1319 et
691 1260 851 1335 lmaginum
876 1258 997 1325 cultum,
1011 1259 1144 1315 adversus
1157 1255 1270 1312 Claudii
1283 1257 1464 1314 Taurinensis
1484 1261 1841 1339 sententias'propugnans,
1859 1284 1901 1324 xv

315 1375 334 1402 “
355 1381 502 1426 enumerat
517 1349 636 1425 Natales
650 1385 667 1423 a
686 1366 806 1424 Paulino
822 1373 963 1430 cantatos,
976 1370 1006 1418 et
1020 1360 1176 1435 fragmenta
1190 1378 1226 1415 es
1237 1359 1281 1427 iis,
1304 1358 1352 1434 qui
1368 1360 1506 1420 hacteuus
1519 1364 1609 1440 ignoti
1623 1376 1717 1438 eraut,
1732 1368 1895 1444 producit*

770 1541 812 1580 DE
829 1538 994 1579 VETERUM
1012 1533 1250 1576 HIBERNORUM
1268 1533 1441 1577 nnvluus.

355 1654 441 1722 Quod
468 1654 490 1711 si
517 1664 627 1712 vetusta
647 1653 840 1711 Hibernorum
867 1658 1050 1708 monumenta
1080 1644 1239 1722 respuenda
1260 1652 1335 1714 sunt,
1364 1646 1433 1722 quia
1450 1649 1534 1706 Artes
1559 1649 1626 1707 istas
1652 1662 1903 1724 memorantem

318 1778 374 1815 non
396 1757 566 1833 rejiciendus
585 1758 639 1814 erit
653 1756 798 1826 Giraldus,
821 1773 879 1831 quo
903 1764 986 1823 teste,
1010 1753 1175 1809 habuerunt
1195 1760 1329 1817 textores,
1357 1759 1491 1821 sartores,
1514 1752 1662 1826 tinctores,
1686 1756 1819 1829 ruuones,
1847 1758 1899 1837 qui

318 1862 463 1938 Capenos,
487 1861 647 1936 Phalingas,
681 1872 710 1919 et
731 1861 855 1918 Tunicas
879 1859 1013 1926 lacerent,
1049 1873 1169 1931 quarum
1196 1870 1279 1910 usum
1304 1852 1333 1908 S.
1347 1853 1510 1913 Bernardus
1537 1858 1567 1914 in
1592 1859 1731 1919 Hibernia
1750 1861 1901 1922 invaluisse

320 1963 467 2020 declarat?
497 1961 569 2029 Quis
584 1963 775 2022 Hibernorum
790 1963 900 2038 jacula,
914 1972 943 2019 et
954 1962 1077 2029 lanceas,
1091 1956 1213 2033 cuspides
1215 1955 1341 2032 ferreos,
1365 1978 1383 2014 a
1392 1960 1513 2018 Giraldo
1527 1961 1632 2037 pariter
1643 1974 1821 2034 memoratas,
1834 1965 1899 2042 quis

321 2073 340 2099 “
355 2066 469 2123 Sccnres
481 2068 579 2142 optime
593 2066 759 2141 chalybatns,
779 2085 837 2142 qne
860 2063 1145 2140 cataphractariorum
1159 2061 1258 2118 loricas
1277 2081 1329 2118 urio
1348 2063 1406 2119 ictu
1427 2063 1663 2139 perscinderent,”
1695 2065 1756 2143 quis
1779 2067 1897 2144 inquam

323 2174 386 2237 ista,
410 2183 487 2229 tarrta
503 2171 616 2229 solertia
636 2170 770 2239 cudebat,
792 2169 842 2225 nisi
859 2168 941 2225 Fabri
955 2166 1064 2223 ferrarii
1078 2165 1243 2234 adfuissent,
1265 2165 1313 2242 qui
1334 2186 1425 2239 arma,
1440 2170 1477 2227 ad
1491 2179 1534 2228 tot
1545 2170 1621 2227 bella
1638 2169 1724 2228 iubis
1741 2171 1902 2229 Annalibus

324 2288 490 2346 memorata,
511 2277 693 2353 suppeditare
717 2275 847 2333 solebant
858 2271 1013 2330 l-Fubros
1029 2269 1174 2347 serrarius
1198 2271 1337 2345 expressis
1369 2274 1461 2330 verbis
1487 2285 1629 2333 memorat
1647 2277 1842 2349 Adamnanus,
1857 2276 1905 2351 (3)

321 2399 475 2457 eorumque
490 2399 576 2456 opera
588 2378 753 2437 mechanica
767 2376 1001 2453 frequenter.-—“
1023 2375 1145 2443 Goreus,
1157 2372 1325 2431 fortissimus
1340 2375 1468 2434 omnium
1478 2377 1553 2437 illius
1564 2380 1656 2437 estatis
1670 2381 1805 2451 virorum,
1823 2398 1904 2451 casn,

317 2485 368 2541 sub
387 2483 450 2539 navi
467 2483 604 2552 resedens,
632 2480 741 2538 cultello
764 2479 888 2555 proprio,
912 2479 1057 2536 tristitiem
1079 2479 1112 2534 de
1131 2476 1208 2535 nstili
1232 2477 1396 2548 eradebat,”
1426 2479 1474 2552 (4)
1498 2481 1547 2536 ubi
1574 2501 1626 2556 per
1650 2481 1805 2552 cristilinm,
1835 2481 1905 2540 cris·

322 2601 390 2655 tam,
405 2604 455 2643 seu
472 2585 620 2660 cuspidem
633 2585 721 2642 hastae
733 2582 872 2658 intelligit.
905 2583 1008 2640 Postea
1016 2583 1163 2657 pugionem
1170 2580 1297 2656 ferreum
1311 2601 1330 2639 a
1349 2581 1378 2638 S.
1390 2579 1533 2640 Columba
1547 2583 1742 2654 benedictum,
1756 2594 1787 2642 et
1799 2583 1904 2642 senum

324 2692 418 2748 calore
441 2690 510 2767 ignis
523 2690 688 2758 resolutum,
712 2688 761 2762 (5)
784 2697 814 2745 et
835 2686 943 2763 gladios
956 2686 1070 2762 passim,
1095 2697 1125 2743 et
1141 2703 1245 2761 aquarn
1267 2686 1303 2742 ad
1329 2685 1565 2762 SS.Comgellum
1580 2695 1610 2744 et
1623 2686 1906 2764 Columbarn,prope

328 2793 515 2850 munitionem
526 2792 653 2876 Cetbimi
664 2793 693 2848 in
707 2791 835 2862 Ultonia,
856 2792 886 2848 in
904 2810 976 2849 enee
999 2789 1110 2848 vasculo
1133 2790 1262 2860 allatam,
1286 2787 1333 2866 (6)
1355 2800 1385 2849 et
1411 2808 1494 2849 navcs
1519 2792 1699 2863 Hibernicas,
1721 2810 1826 2869 easque
1846 2809 1905 2850 non

326 2915 419 2974 parvae
433 2895 515 2955 molis
530 2895 667 2970 designat,
691 2899 710 2926 ‘⁴
725 2905 815 2952 terras
828 2895 995 2972 longinquas
1012 2895 1042 2953 in
1066 2892 1184 2953 Oceano
1204 2896 1396 2974 explorantes,
1411 2914 1474 2972 quae
1494 2904 1559 2970 port
1586 2895 1681 2972 longor
1702 2895 1835 2952 circuitus
1855 2910 1908 2971 per

325 2998 466 3058 infinitum
480 2997 641 3067 Oceanum,
654 2996 779 3054 Orcadas
797 2996 970 3069 devenerunt,
988 2997 1119 3057 Comaco
1133 3008 1236 3077 nepote
1248 2999 1370 3058 lethaei
1387 2999 1520 3069 ducente,
1532 2998 1615 3072 cujus
1628 2996 1732 3054 naviso
1741 2996 1835 3067 terris,
1848 2994 1905 3055 i.e.

328 3125 345 3162 e
359 3113 440 3162 terrae
450 3110 616 3179 conspectu,
631 3102 714 3160 tertia
728 3103 903 3180 navigatione
921 3103 950 3161 in
963 3104 1082 3161 Oceano
1092 3103 1173 3172 mari,
1192 3122 1243 3179 per
1251 3104 1458 3178 quatuordecim
1467 3104 1543 3161 oestei
1555 3101 1685 3179 temporis
1697 3101 1764 3172 dies,
1778 3101 1906 3160 totidem·

327 3216 486 3288 paranetes,
496 3206 585 3283 plenis
597 3207 674 3274 nelis,
688 3217 785 3263 austro
799 3207 887 3265 flante
900 3216 996 3278 rento,
1006 3208 1042 3264 ad
1054 3208 1279 3282 septentrionalis
1292 3208 1405 3286 plagam
1423 3209 1497 3280 caeli,
1507 3207 1619 3266 directo
1633 3214 1800 3265 excurreret
1812 3221 1907 3276 cursu,

327 3311 486 3386 cujusmodi
500 3311 640 3386 navigatio
665 3311 741 3367 ultra
760 3309 877 3367 humani
895 3327 1032 3368 excursus
1046 3310 1176 3383 modum,
1203 3320 1232 3368 et
1254 3312 1445 3370 inremeabilis
1470 3311 1646 3371 videbatur.''
1660 3311 1709 3385 (7)
1752 3308 1908 3386 Distinguit

327 3415 442 3490 insuper
462 3413 607 3488 scapham,
641 3424 671 3472 et
694 3414 863 3484 naviculam,
894 3433 912 3471 a
937 3432 1018 3486 nave,
1040 3417 1171 3477 etnavis
1192 3415 1324 3486 coruram,
1352 3415 1454 3486 latera,
1477 3416 1650 3494 puppimque,
1672 3425 1704 3473 et
1723 3431 1848 3490 proram,
1873 3418 1907 3469 et

331 3524 433 3574 tectum
443 3516 594 3592 pelliceum,
610 3519 656 3590 (8)
667 3520 725 3575 imo
738 3528 769 3575 et
778 3519 983 3588 sentinam,-“
994 3528 1087 3579 totum
1102 3536 1225 3594 namque
1238 3537 1286 3576 vas
1300 3519 1379 3576 uaris
1392 3519 1475 3576 valde
1489 3536 1668 3590 concussum,
1688 3518 1796 3595 magnis
1814 3516 1907 3576 mde-

331 3625 351 3654 “
373 3639 437 3679 rum
451 3622 573 3680 cumulis
587 3622 696 3681 fortiter
719 3621 884 3693 feriebatur,
904 3622 1003 3699 mandi
1027 3622 1152 3699 undique
1175 3622 1320 3679 insistente
1341 3632 1491 3682 ventorum
1506 3629 1682 3701 tempestate.
1725 3623 1830 3680 Nautes
1844 3628 1909 3681 tum

332 3728 351 3758 ‘¹
373 3723 444 3783 forte
457 3736 567 3798 sancto,
587 3729 720 3785 sentinam
731 3745 791 3784 cum
806 3727 862 3785 illis
876 3727 1020 3785 cnlonrire
1042 3727 1163 3799 conanti,
1178 3725 1254 3784 &c.”
1277 3724 1478 3800 (9)-Nescio
1492 3726 1609 3803 quidem
1622 3733 1720 3785 utrum
1735 3733 1832 3802 gentes
1844 3722 1909 3784 alia

332 3828 537 3901 Occidentalis,
564 3831 607 3887 vel
632 3832 868 3908 septentrionalis
891 3833 1024 3908 Europa,
1043 3832 1174 3902 certiore,
1196 3838 1247 3889 aut
1265 3829 1419 3888 uetustiora
1449 3830 1479 3887 in
1502 3831 1629 3890 medium
1650 3830 1778 3908 proferre
1803 3831 1912 3909 possint

334 3936 518 4007 documenta,
532 3935 636 4012 quibus
658 3936 770 3992 navium
785 3955 903 3995 suerum
916 3936 1015 4006 rnoles,
1035 3946 1085 3994 aut
1098 3946 1156 3994 tam
1175 3936 1333 4013 longinqua
1356 3934 1498 4010 navigatio
1525 3954 1544 3991 o
1562 3944 1651 4007 terro,
1671 3937 1761 4014 possit
1773 3935 1912 3997 exbiberi.

335 4038 439 4114 Neque
457 4039 647 4097 dubitandum
670 4051 712 4096 est
727 4037 796 4114 quin
812 4038 865 4108 his,
888 4036 1024 4110 Comaei,
1045 4051 1075 4098 et
1095 4040 1215 4098 eliorum
1239 4037 1463 4098 Hibernensiurn
1490 4037 1648 4098 Seculivl
1672 4038 1911 4117 expeditionibus,

351 4329 385 4378 tu
403 4324 472 4373 Beda
488 4326 519 4373 de
535 4326 591 4376 vin
601 4331 625 4378 S.
637 4333 724 4384 Felicis
735 4337 794 4385 edit.
806 4337 919 4389 Cnnmbr.
930 4357 985 4406 pag.
996 4342 1055 4390 468.
1071 4338 1162 4389 Confer
1172 4340 1271 4388 Ausonii
1282 4337 1328 4402 Ep.
1342 4339 1382 4386 25.
1395 4337 1426 4385 ad
1439 4335 1575 4392 Paulinum,
1585 4333 1679 4385 Verior.
1690 4330 1824 4382 tanatos
1837 4332 1910 4387 1671,

347 4414 397 4462 not.
407 4411 448 4464 41,
459 4422 484 4471 p·
496 4409 553 4463 69⁷»
564 4407 692 4459 Mttwtvrii
702 4413 801 4461 D'Mrt·
813 4421 837 4472 ⁹,
847 4435 872 4480 p·
884 4425 940 4477 816,
952 4425 991 4478 10,
1002 4437 1026 4485 p.
1036 4425 1092 4475 817,
1106 4423 1144 4474 13,
1154 4422 1241 4482 puts.
1275 4417 1390 4481 Ejusdem
1401 4418 1524 4467 Amedine
1540 4414 1685 4465 Bibliotheca
1695 4411 1859 4475 mmmm,
1881 4417 1911 4465 et

350 4490 448 4539 Panum
458 4503 540 4552 oren.
550 4487 610 4536 edit·
623 4486 715 4553 Metel»
726 4490 838 4549 verone,
849 4501 921 4546 uss.
1050 4501 1084 4563 ,n
1101 4497 1166 4547 vna
1178 4500 1242 4547 rura
1253 4498 1338 4546 Anne.
1348 4498 1399 4549 111.

352 4563 387 4622 tu
403 4569 768 4632 namnetensem·
898 4574 933 4624 ‹4›
950 4577 1015 4625 nn.
1027 4579 1045 4627 r.
1058 4585 1081 4634 1,
1093 4594 1115 4626 ο.
1127 4583 1168 4635 nr,
1180 4580 1272 4640 psas.
1370 4581 1404 4642 (⁵,
1421 4577 1486 4626 rere.
1498 4577 1516 4625 r.
1529 4578 1554 4632 r,
1568 4588 1592 4622 e.
1603 4571 1748 4637 mnam.

354 4648 388 4699 (6)
407 4651 470 4700 Ibid.
481 4652 530 4705 l.1,
541 4665 563 4698 c.
575 4653 616 4707 49,
628 4664 652 4712 p.
664 4652 721 4698 ³49.
739 4642 742 4649 ’
852 4648 892 4698 ur
904 4653 967 4705 [bid.
980 4655 997 4705 l.
1010 4660 1034 4712 Ξ,
1041 4671 1063 4706 ο.
1073 4662 1115 4714 41,
1125 4673 1181 4724 pag.
1191 4659 1249 4708 ³⁶1.
1378 4656 1412 4706 lul
1430 4658 1495 4710 Ibid.
1506 4668 1562 4724 pta·
1572 4654 1632 4706 862,

353 4728 386 4783 ut
403 4731 469 4785 nu.
485 4732 503 4782 r.
515 4736 540 4792 r,
551 4747 573 4783 ο.
585 4735 627 4792 12.
637 4745 693 4798 pig.
704 4732 763 4782 sss.
