4446 6000
324 471 392 574 ai
763 494 1025 562 ananam
1065 485 1472 556 unronrnrrsas.

313 713 396 784 qua
413 683 545 759 habuit
559 707 623 758 sex
639 679 758 782 pedes,
779 678 800 752 i.
815 704 845 752 e.
861 677 938 751 duo
953 699 1108 774 corpora
1123 697 1146 746 a
1162 682 1263 770 parte
1278 665 1478 768 posteriori,
1499 690 1618 741 unum
1634 671 1817 769 caputab
1834 699 1904 752 an·
1932 630 1970 717 ἵ

320 811 457 897 teriori,
476 824 513 883 et
525 810 659 881 lactare
673 802 813 878 solebat
829 814 886 874 ter
900 799 938 872 in
959 798 1046 886 dies,
1081 794 1249 893 quolibet
1267 791 1395 883 anno]
1418 789 1481 887 (l)

322 937 391 1012 stit.
417 933 493 1023 Met,
509 930 640 1016 irrita
692 924 876 1003 Rectelire
892 946 1006 1020 nepos
1024 919 1230 1014 Cotiaraig
1246 941 1312 990 rex
1339 927 1517 1012 nepotum
1550 914 1699 991 Tuirtri
1730 921 1902 998 moritur.

323 1057 479 1154 Eclipsis
495 1057 602 1164 lunae
616 1050 654 1122 in
670 1048 723 1121 xi.
741 1047 824 1120 Kal.
839 1043 923 1119 Feli.
941 1043 1002 1138 (9)
1025 1042 1282 1115 Commutatio
1301 1037 1445 1111 Martir.
1467 1036 1576 1124 Petri,
1592 1051 1629 1110 et
1645 1038 1763 1126 Pauli,
1784 1058 1823 1116 et
1837 1044 1908 1120 Pa·

323 1179 420 1252 trieii
438 1177 483 1250 ad
503 1178 621 1271 legem
633 1169 904 1271 perficiendam,
926 1182 964 1239 et
981 1164 1121 1239 occisio
1137 1163 1357 1258 Coibdenoig
1375 1159 1441 1231 filii
1458 1160 1593 1234 Flainn
1614 1161 1698 1238 Hui
1716 1165 1906 1264 Congniie.

323 1294 541 1388 Cuiatigern
560 1292 670 1386 ingen
685 1285 790 1382 [filia]
806 1284 911 1359 Ceull
926 1281 1095 1356 Caulonis
1113 1278 1279 1351 moritur.
1301 1279 1359 1374 (3)
1394 1281 1429 1352 T
1423 1283 1606 1379 alorggan
1622 1310 1700 1358 mac
1714 1288 1906 1388 Congurro

322 1441 345 1488 a
358 1414 468 1488 fratre
485 1439 553 1487 suo
572 1412 694 1485 victus
712 1421 776 1496 est,
807 1421 845 1480 et
863 1404 1022 1479 traditur
1039 1403 1079 1477 in
1096 1427 1227 1475 manus
1243 1401 1445 1495 Pictorum,
1485 1420 1523 1479 et
1543 1432 1629 1481 cum
1647 1409 1720 1484 illis
1747 1413 1784 1486 in
1804 1440 1904 1513 aqua

320 1538 505 1612 demersus
521 1548 586 1611 est.
617 1536 652 1608 Τ
647 1537 827 1629 ulorggoa
845 1528 941 1601 lilius
960 1527 1143 1601 Drostain
1155 1526 1440 1624 comprehensus
1459 1533 1636 1629 alligatur
1647 1534 1765 1634 juxta
1781 1564 1905 1616 arcem

319 1661 455 1758 Ollaig.
479 1661 573 1734 Duri
590 1657 704 1754 leitsin
721 1652 924 1727 destruitur
940 1664 1025 1750 post
1042 1649 1338 1724 vulnerationem
1348 1653 1551 1749 Drangailc,
1573 1657 1664 1730 etin
1685 1660 1907 1741 Hiberniam

320 1807 344 1856 a
360 1794 541 1881 potestate
558 1779 740 1875 Oengurio
770 1774 922 1871 fugatus
936 1787 1001 1847 est.
1056 1771 1281 1868 Congressio
1300 1773 1337 1848 in
1354 1802 1485 1877 eampo
1504 1782 1567 1854 Ito
1585 1781 1683 1857 inter
1696 1785 1906 1863 Fluitlrber.

323 1905 409 1977 tecla
438 1903 554 1976 silium
571 1899 770 1997 Loingsecli
788 1913 826 1971 et
841 1898 923 1970 Aea
937 1897 1048 1969 Allan
1067 1920 1145 1969 mac
1164 1893 1341 1992 Fergaila
1374 1899 1437 1972 ubi
1449 1916 1601 2000 nepotes
1618 1904 1794 1982 Ecddach
1824 1912 1905 1986 ceci

324 2043 424 2102 sunt.
474 2029 508 2101 T
502 2026 636 2102 (ricleclr
655 2047 731 2096 iriae
747 2017 940 2114 Cinfaelud
955 2042 1019 2091 rex
1034 2017 1179 2114 Luigne
1208 2020 1373 2096 moritur.
1428 2026 1904 2124 Aedltollcm[ve10llamlr

327 2150 349 2222 i.
365 2174 394 2223 e.
407 2149 486 2223 ned
503 2147 631 2241 Poeta]
649 2169 801 2243 regnare
822 2141 963 2241 incipit.

250 2327 255 2334 -
328 2275 398 2350 au.
425 2270 500 2348 mn
516 2290 579 2355 m
597 2272 648 2348 ie.
699 2267 909 2364 Ocdgcdcor
928 2264 1133 2365 Episcopus
1153 2266 1293 2340 Dromo
1311 2269 1591 2367 [Antrimensis]
1625 2286 1766 2372 pausat.
1822 2275 1906 2352 Bel·

326 2397 404 2471 lunr
424 2397 459 2469 in
474 2393 688 2494 regionibus
710 2391 949 2466 Muirteimne
981 2389 1075 2462 inter
1094 2404 1245 2489 nepotes
1267 2392 1372 2465 Neill
1402 2408 1440 2466 et
1472 2396 1579 2483 titur,
1614 2397 1678 2469 uni
1711 2401 1795 2474 Aed
1811 2399 1910 2476 Roin

328 2545 393 2593 rex
411 2521 516 2610 llltu,
538 2533 576 2594 et
592 2517 740 2594 Concod
755 2539 832 2589 niae
847 2513 1019 2590 carnaea
1036 2539 1101 2587 rex
1121 2514 1215 2589 Ceio
1247 2514 1475 2590 ceciderunt.
1529 2519 1615 2593 Aed
1642 2546 1722 2596 niae
1739 2524 1913 2622 Fergailc

330 2839 379 2912 (l)
403 2839 511 2898 Eadem
524 2839 631 2901 habent
651 2835 817 2914 Tigernocli,
831 2847 860 2895 et
875 2837 917 2895 lV
931 2835 1071 2914 Magistri
1091 2840 1110 2870 ‘⁴
1123 2828 1170 2894 A!
1187 2856 1232 2894 cer
1244 2837 1277 2892 lm
1300 2836 1328 2893 iri
1343 2836 1419 2914 deilg
1442 2838 1496 2896 inis
1521 2838 1650 2910 caelone,
1673 2842 1738 2899 eoin
1753 2845 1822 2902 cend
1842 2865 1913 2923 agar

328 2941 349 2970 “
370 2955 423 2994 aon
446 2957 511 3013 corp
537 2937 620 3013 lego
641 2955 659 2992 a
678 2933 838 3004 alindeneii,
868 2935 917 2992 Du
937 2934 1022 3010 ehorp
1045 2953 1061 2990 o
1089 2953 1107 2990 a
1133 2932 1302 2991 rlirrdcrtuidi
1325 2933 1395 3002 rior,
1422 2953 1492 3009 ugus
1519 2935 1555 2991 do
1579 2937 1676 2994 crioil.
1699 2940 1782 2996 burm
1801 2961 1831 2999 re
1849 2962 1913 3001 cora

240 3109 247 3113 „
328 3037 349 3066 ‘⁴
358 3032 468 3112 fuirre,
486 3054 521 3090 no
541 3033 624 3110 lligti
642 3030 683 3111 so
706 3030 798 3088 iridi
821 3029 894 3108 gaci
916 3030 982 3100 luni,
996 3050 1066 3106 agur
1093 3032 1170 3086 tamo
1190 3049 1208 3084 a
1234 3028 1339 3102 argaei
1366 3030 1448 3085 aruir
1471 3049 1489 3087 a
1516 3029 1588 3088 durs.
1650 3032 1696 3090 m
1724 3035 1851 3093 toimllet
1880 3039 1909 3096 la
1944 3067 1951 3080 .

275 3116 283 3125 ’
328 3135 348 3164 “
370 3130 477 3187 dueirrib
500 3131 612 3187 irimeta
632 3129 691 3198 lior,
715 3146 784 3204 egita
807 3127 837 3183 ni
857 3126 909 3182 dori
927 3126 963 3181 im
986 3126 1021 3181 do
1043 3123 1148 3181 renodi
1172 3124 1339 3200 riu-[Viso
1361 3137 1404 3183 est
1420 3128 1468 3183 bos
1489 3126 1518 3184 in
1544 3127 1673 3203 Delginis
1694 3129 1807 3206 regione
1831 3132 1910 3190 Cua·

328 3230 349 3259 ⁸⁴
369 3225 429 3295 lan,
443 3245 531 3284 unum
545 3237 634 3301 caput
651 3234 682 3283 et
695 3242 784 3280 unum
795 3239 899 3296 corpus
915 3220 941 3277 ei
956 3219 1094 3296 usquead
1112 3219 1256 3288 humeros,
1279 3219 1338 3277 duo
1366 3239 1490 3298 corpora
1503 3224 1540 3280 ab
1554 3222 1676 3280 humeris
1692 3235 1779 3296 retro,
1803 3237 1832 3285 et
1847 3229 1911 3287 duae

329 3325 350 3355 “
372 3322 482 3378 caurlae.
515 3322 643 3378 Fuerunt
654 3319 678 3377 ei
695 3338 743 3376 sex
759 3318 854 3394 pedes,
865 3326 895 3374 et
909 3325 952 3373 ter
965 3315 1145 3391 mulgebatur
1155 3315 1253 3393 quavis
1273 3315 1330 3384 die,
1344 3327 1372 3373 et
1385 3336 1489 3392 magna
1501 3330 1563 3376 erat
1580 3317 1712 3390 ferocitas
1724 3321 1786 3396 ejus
1799 3327 1914 3400 quande

330 3421 350 3450 “
373 3418 565 3490 mulgebatur.
607 3413 696 3472 Multi
721 3423 908 3489 gustaverunt
935 3412 972 3471 de
993 3402 1069 3471 lacte
1080 3411 1152 3488 ejus,
1176 3411 1254 3469 etde
1274 3412 1379 3490 butyro
1396 3411 1576 3490 indelicta]
1613 3414 1727 3475 'Conier
1748 3417 1933 3495 Tigerrecii·

329 3513 425 3580 verba,
436 3511 508 3569 Corl.
519 3509 601 3568 Bodl.
616 3508 664 3566 iol.
677 3516 723 3578 14,
737 3508 793 3567 col.
809 3515 838 3577 2,
851 3508 902 3568 lin.
916 3512 966 3572 37.
991 3582 993 3588 Ι

332 3610 380 3679 (2)
403 3609 503 3664 Annus
517 3604 564 3663 hic
578 3602 789 3662 Ultoniensium
803 3615 845 3662 est
858 3622 921 3662 retae
935 3622 1010 3662 com.
1020 3606 1090 3667 734.
1130 3605 1195 3663 Jam
1210 3624 1286 3675 vero,
1300 3624 1337 3664 ex
1353 3605 1484 3676 calculis,
1510 3605 1632 3684 Eclipsis·
1646 3607 1734 3668 Lunae
1749 3607 1843 3667 totalis
1867 3609 1910 3668 iu·

331 3702 411 3771 cidit,
426 3722 460 3759 eo
473 3720 559 3769 aimo,
585 3700 614 3758 in
625 3699 702 3758 diem
713 3700 778 3759 Jau.
794 3707 843 3770 24,
865 3699 923 3757 Art
939 3700 972 3757 dc
984 3699 1019 3759 V.
1030 3701 1068 3759 lea
1079 3701 1167 3772 detes,
1182 3712 1203 3762 t.
1218 3711 1244 3772 1,
1258 3724 1285 3780 p.
1301 3699 1351 3763 66.
1401 3703 1477 3779 Ergo
1492 3723 1545 3780 pro
1571 3708 1590 3737 “
1607 3705 1636 3762 xi
1652 3705 1721 3763 Kal.
1732 3703 1831 3764 Febr.''
1844 3708 1912 3764 sub-

330 3799 474 3858 stituenda
485 3810 562 3867 sunt,
576 3802 595 3830 “
609 3796 656 3855 viii
672 3795 740 3854 Kal.
752 3796 865 3855 Fei.”ut
879 3805 974 3855 textus
994 3797 1029 3856 ad
1045 3799 1190 3876 pristinam
1206 3799 1397 3874 integritatem
1414 3801 1589 3857 restituatur.

332 3903 378 3970 (3)
397 3896 574 3972 Keaiigernrr
585 3893 685 3952 cadem
697 3903 740 3951 est
753 3894 789 3951 de
804 3913 861 3969 qua
873 3891 1049 3952 Camerarius
1057 3897 1092 3952 de
1101 3896 1211 3953 Pietate
1223 3895 1373 3952 Scotorum
1388 3895 1406 3952 l.
1419 3902 1449 3964 3,
1467 3894 1622 3971 iuquit—‘⁶
1632 3895 1697 3955 Fuit
1711 3897 1797 3974 Tyrei
1810 3897 1916 3976 llegrdi

330 3993 539 4073 Drgmiensium
547 3991 735 4069 filia.”-Dc
755 3989 856 4047 cadem
879 3992 937 4066 agit
952 3989 1033 4067 King
1048 3991 1075 4048 in
1099 3990 1559 4048 calendario,-Dunlemileusia
1573 4005 1770 4063 monumenta,
1793 4005 1825 4054 et
1847 3998 1916 4056 Bra.

328 4092 448 4149 riarium
464 4091 667 4148 Aberdonense
677 4109 695 4146 a
717 4086 881 4146 Camerario
894 4089 982 4145 citata
995 4087 1128 4164 inquiunt
1147 4092 1167 4120 “
1183 4086 1216 4143 ln
1236 4086 1357 4143 insulam
1370 4084 1548 4144 Iuciclocirc
1564 4087 1592 4144 iu
1618 4087 1824 4158 inclinassent,
1848 4109 1915 4165 pro·

329 4186 434 4242 lectam
449 4186 649 4258 Kemigcmam
663 4184 809 4253 claruisse,
833 4197 861 4242 et
879 4184 1034 4242 Ecclesiam
1052 4182 1261 4243 Parrochialem
1278 4183 1317 4240 ilii
1332 4184 1458 4260 ejusdem
1473 4183 1586 4240 nomine
1597 4183 1755 4258 insignitam
1771 4184 1915 4251 luisse&

331 4279 416 4338 Errat
430 4289 526 4335 taurea
539 4278 723 4348 Cernrrarirr,
737 4294 765 4337 et
777 4281 874 4356 reliqui
889 4281 967 4338 Scoti
981 4281 1160 4349 recentiores,
1174 4280 1280 4356 Regem
1297 4280 1424 4356 Lageniae
1438 4281 1520 4355 cujus
1530 4279 1589 4338 iilia
1599 4292 1670 4349 erat,
1686 4277 1801 4352 Tereum
1813 4277 1915 4353 appel·
1948 4334 1955 4342 ,

329 4377 431 4443 lantes,
442 4392 525 4450 quem
541 4374 568 4430 hi
584 4375 718 4443 Annales,
730 4388 759 4432 et
773 4375 939 4451 Tigrrnoci,
949 4388 978 4435 et
994 4378 1035 4434 lV
1044 4376 1193 4455 Magistri,
1207 4397 1264 4434 uno
1280 4396 1339 4444 ore,
1351 4375 1487 4434 Ceollcum
1501 4374 1608 4433 Crialon
1628 4373 1738 4450 repitite
1759 4372 1915 4447 designant.

330 4475 372 4533 lv
385 4469 525 4548 Magistri
534 4467 569 4526 ad
583 4487 649 4525 auri.
660 4473 718 4530 713
733 4469 926 4543 inquiunt-‘⁶
941 4471 1029 4530 Ceall.
1043 4472 1201 4532 Cauloniae
1213 4471 1331 4530 Gertide
1345 4473 1372 4528 ri
1382 4471 1507 4548 Laigltcrr
1520 4471 1612 4530 dece.''
1628 4451 1775 4546 [Cealleus
1789 4468 1912 4526 Cuallaa

332 4572 407 4630 filius
420 4565 542 4628 Gertidii
559 4566 622 4622 ilex
636 4563 767 4636 Lageniae
781 4564 995 4640 obiit.]l'ostea
1008 4570 1043 4625 ad
1068 4588 1133 4627 anri.
1146 4574 1204 4631 798
1247 4573 1267 4600 ‘⁶
1283 4566 1483 4643 Cnintiglicrna
1504 4568 1585 4643 ingeri
1608 4560 1750 4637 Ceollaiglt
1774 4559 1911 4620 Cachina
1947 4624 1952 4634 ‚

329 4665 421 4724 decc.’'
454 4663 640 4742 [Kentigcrua
656 4659 1062 4738 filiaCealleiCualanebiit.]
1104 4665 1213 4723 Eadem
1228 4662 1314 4720 habet
1326 4664 1496 4738 Tigernecli.
1530 4662 1612 4719 llnde
1632 4657 1852 4716 manifestissimi
1871 4679 1918 4716 er·

332 4763 622 4820 rorisconvincuntur
636 4758 739 4816 Scotiae
755 4757 897 4816 moderna
918 4757 1085 4833 Scriptores,
1100 4760 1159 4835 qui,
1180 4760 1232 4814 sub
1254 4768 1396 4832 praetcstu
1412 4760 1532 4815 nominis
1549 4756 1659 4825 Sectis,
1683 4755 1758 4812 hane
1771 4754 1920 4828 lientiger-
2035 4795 2040 4804 -

332 4877 396 4914 nam
409 4857 542 4923 Allaria,
553 4875 617 4932 qua
633 4874 779 4932 nunquam
796 4854 892 4914 Scotie
908 4853 1048 4930 usquead
1069 4853 1140 4911 Stre.
1153 4853 1180 4910 xi
1191 4854 1337 4929 appellata
1353 4865 1406 4924 est,
1424 4855 1587 4913 adscribere
1600 4853 1698 4911 conati
1716 4861 1793 4909 sunt.
1834 4850 1918 4910 Alius

333 4963 376 5013 est
389 4950 565 5027 Kentigerrro
578 4952 747 5028 Episcopus,
768 4951 850 5027 cujus
871 4951 959 5009 vitam
972 4948 1123 5028 descripsit
1136 4949 1249 5008 Saeculo
1276 4951 1304 5008 xi
1327 4950 1479 5010 locelinus.
1524 4947 1665 5006 Ccullacli
1678 4946 1806 5004 Cuolunii
1834 4945 1920 5022 Regi·

334 5046 466 5123 lageniae
477 5047 588 5104 obitum
603 5047 728 5105 referunt
738 5046 767 5105 hi
779 5048 905 5109 Annales
915 5046 952 5106 ad
963 5064 1031 5106 ann.
1044 5064 1107 5107 aerae
1121 5065 1196 5106 com.
1210 5050 1281 5121 715,
1295 5048 1367 5108 elius
1377 5045 1506 5106 Ceelloci
1520 5055 1696 5105 memoratur
1707 5061 1784 5102 anno
1796 5046 1866 5106 748.
