4446 6000
326 527 424 629 164
697 554 1136 622 nuuornrrorras
1178 554 1253 618 An
1294 551 1579 618 aauvrrr.

319 748 339 778 “
361 744 491 801 similiter
508 741 671 800 interfuere.
693 739 848 798 interfuere
860 738 948 797 etiam
962 737 1053 813 Reges
1068 735 1239 793 Mucerracb
1264 733 1433 804 O‘Lochlin,
1447 736 1590 812 Tigeman
1605 734 1756 807 O'Ruarc,
1773 739 1898 804 O'Heo·

318 855 338 886 “
360 850 445 919 chad,
454 860 484 906 et
498 846 756 905 O'Carroll-Post
770 852 964 902 consecratam
976 842 1134 899 Ecclesiam
1146 859 1164 896 a
1177 839 1342 899 Comborba
1354 841 1383 897 S.
1399 841 1515 899 Patricii
1536 845 1803 904 excommunicatus
1816 861 1862 907 eat
1874 869 1895 907 a

320 959 340 989 ‘⁴
361 954 455 1022 Clero,
483 959 514 1010 et
526 951 662 1025 expulsus
684 949 825 1007 Donchad
848 947 1077 1006 O'blelachlina
1103 965 1188 1023 regno
1214 946 1325 1013 Midiae,
1348 957 1376 1002 et
1392 947 1518 1022 regnavit
1532 947 1705 1007 Diarmitiua
1723 951 1810 1009 irater
1827 954 1892 1027 ejus

319 1064 411 1135 “pro
427 1076 470 1123 eo,
527 1056 618 1112 Dedit
634 1053 820 1112 lllurcertacb
835 1053 995 1110 O'Loehlin
1018 1051 1121 1126 septies
1142 1049 1242 1125 viginti
1269 1051 1363 1117 boves,
1389 1060 1418 1106 et
1439 1051 1586 1125 sexaginta
1614 1051 1712 1110 uncias
1733 1055 1796 1112 auri
1815 1055 1894 1124 Deo,

319 1167 339 1196 “
360 1162 493 1231 otClero,
507 1160 535 1217 in
552 1160 728 1218 oblationem
743 1176 795 1234 pro
808 1157 972 1214 animasua.
1017 1152 1107 1210 Dedit
1120 1152 1160 1209 eis
1174 1170 1287 1228 quoque
1300 1154 1438 1230 oppidum
1453 1157 1530 1231 apud
1545 1157 1669 1215 Pontem
1682 1158 1770 1229 Vadi,
1780 1161 1892 1220 dictum

321 1275 341 1303 ‘⁸
361 1266 519 1323 Fionnabar
530 1266 664 1323 tiliarum.
705 1262 900 1338 Deditpostea
912 1258 1063 1317 O'Carroll
1077 1258 1222 1333 sexaginta
1234 1259 1305 1314 alias
1317 1257 1414 1314 uncias
1422 1259 1485 1315 auri
1499 1260 1549 1329 eis,
1570 1272 1599 1318 et
1613 1261 1692 1319 dedit
1705 1282 1780 1321 uxor
1792 1265 1892 1341 'liger-

321 1376 341 1405 “
363 1369 428 1428 nani
456 1369 603 1436 O'Ruarc,
628 1367 686 1424 filia
700 1363 930 1430 O'Melacblinii,
950 1360 1072 1418 eandem
1096 1378 1247 1425 summam,
1269 1368 1299 1417 et
1322 1360 1451 1417 Calicem
1468 1363 1530 1419 auri
1545 1383 1632 1440 supra
1654 1365 1746 1423 altare
1758 1366 1896 1443 Virginis,

317 1472 337 1507 ‘⁸
357 1485 386 1531 et
400 1483 566 1549 paramenta
578 1488 660 1527 sacra
670 1487 755 1543 supra
768 1465 992 1542 unumquodque
1004 1483 1021 1520 e
1032 1482 1134 1521 novem
1146 1463 1294 1519 Altaribus
1308 1463 1370 1520 aliis
1382 1483 1446 1539 quae
1459 1466 1574 1524 inerunt
1586 1469 1615 1524 in
1628 1468 1759 1527 Ecclesia
1767 1470 1849 1529 ista.''

358 1575 477 1633 Nullam
491 1575 527 1631 de
548 1585 662 1630 moneta
670 1590 748 1638 cusa,
759 1570 802 1627 vel
816 1569 947 1644 effigiata,
963 1566 1165 1634 testimonium,
1179 1584 1216 1622 ex
1240 1566 1341 1622 nostris
1354 1569 1518 1627 Annalibus
1529 1581 1595 1627 ante
1609 1570 1755 1631 Saeculum
1770 1574 1813 1632 IX
1827 1594 1893 1652 pro-

317 1682 382 1742 duci
396 1697 485 1756 posse,
494 1688 522 1735 et
536 1679 640 1734 Rerum
656 1675 779 1731 valorem
793 1674 893 1737 bobus,
908 1690 943 1729 ac
958 1671 1117 1746 paecoribus
1129 1670 1261 1726 aestimari
1276 1671 1393 1729 solitum
1418 1674 1513 1746 luisse,
1541 1675 1662 1734 libenter
1673 1681 1811 1739 concedo.
1852 1683 1894 1740 At

316 1803 373 1842 non
391 1783 458 1839 inde
482 1780 609 1856 sequitur
623 1776 771 1854 pecunimn
794 1775 878 1832 luisse
895 1775 939 1831 vel
960 1775 1085 1850 ignotam
1111 1774 1154 1830 vel
1177 1774 1354 1834 inusitatam.
1397 1777 1542 1836 Homerus
1560 1798 1633 1855 sepe
1651 1779 1760 1840 indicat
1774 1783 1894 1842 Grecos

315 1889 448 1947 babuisse
460 1904 547 1961 opera
568 1902 666 1951 aurea,
684 1894 713 1938 et
735 1893 878 1957 argentea,
905 1880 1048 1954 eleganter
1072 1877 1202 1954 effigiata,
1227 1888 1260 1935 ut
1286 1897 1368 1937 arma
1383 1881 1513 1949 Achillis,
1553 1894 1584 1941 et
1607 1883 1742 1942 Glauchi.
1785 1885 1894 1946 Narrat

317 1999 413 2049 tamen
425 1986 612 2064 possessiones
632 2003 707 2052 suas,
718 1992 747 2039 et
761 2002 806 2039 res
818 1982 984 2052 vendibiles,
1000 2000 1057 2038 non
1080 1982 1212 2057 pecunia,
1234 1982 1283 2040 sed
1307 1985 1393 2041 boum
1407 2004 1527 2044 numero
1537 1985 1699 2048 assumam.
1739 1987 1792 2046 Sic
1800 1990 1893 2046 Arma

317 2090 443 2148 Glauchi
455 2088 585 2146 valebant
596 2089 681 2145 boves
696 2092 763 2153 100,
779 2086 925 2143 Diomedis
945 2105 1025 2144 arma
1038 2103 1094 2143 non
1115 2084 1204 2161 pluris
1218 2104 1303 2161 quarn
1318 2089 1441 2153 9bobus
1456 2088 1745 2146 asumuntur-A
1760 2090 1834 2165 pari,
1859 2091 1892 2149 in

316 2195 418 2254 uostris
432 2192 601 2260 Annalibus,
624 2190 736 2247 Catena
758 2201 894 2263 argentea
916 2188 1000 2264 Regis
1013 2186 1160 2245 Crimtlrun
1172 2189 1370 2248 aestimabatur
1393 2198 1450 2250 100
1460 2191 1584 2262 Curnlcl,
1598 2191 1617 2250 i.
1626 2210 1652 2250 e.
1668 2198 1728 2251 300
1739 2195 1840 2266 bobus,
1860 2205 1892 2254 et

317 2310 423 2370 tamen,
438 2298 466 2355 in
476 2297 577 2354 iisdem
590 2291 761 2361 Annalibus,
774 2310 862 2368 opera
875 2310 973 2363 aurea,
996 2302 1027 2351 et
1035 2305 1180 2370 argentea,
1196 2293 1302 2370 ubique
1312 2307 1473 2355 memorata
1481 2296 1614 2356 indicavi.

356 2403 390 2461 In
401 2403 485 2460 rebus
497 2397 668 2467 llibemicis,
683 2395 771 2472 magis
786 2414 872 2472 quam
894 2395 922 2454 in
943 2396 1066 2455 aliarum
1078 2397 1207 2473 gentium
1225 2399 1368 2470 Historiis,
1384 2419 1476 2459 mores
1489 2401 1588 2479 populi
1597 2423 1617 2460 a
1630 2403 1756 2462 moribus
1771 2404 1894 2482 Magna·

316 2519 378 2565 turn
401 2502 592 2579 distinguendi
613 2510 690 2559 sunt.
732 2499 781 2556 Isti
806 2499 877 2556 nibil
898 2500 1080 2560 innovabant.
1114 2503 1143 2559 S.
1160 2503 1320 2560 Bemardus
1335 2502 1476 2580 plebeium
1490 2505 1657 2575 introducit,
1679 2507 1729 2582 qui
1738 2507 1895 2568 Malacbia

313 2606 520 2668 Ardmacbano
531 2604 681 2660 noviorem
694 2602 853 2660 aedificandi
867 2622 887 2659 e
897 2603 1002 2681 lapide,
1016 2604 1208 2681 potiusquam
1232 2605 1335 2681 eligno
1352 2604 1485 2681 levigato,
1495 2605 1599 2663 acriter
1612 2610 1778 2684 exprobrat,
1791 2609 1892 2668 dicans

311 2710 545 2770 “Semiramiae
566 2725 619 2763 aori
639 2703 746 2762 Gaui?
763 2705 811 2778 (1)
842 2705 947 2764 Errant
960 2716 1068 2779 autem,
1090 2719 1123 2767 ut
1146 2728 1232 2787 supra
1257 2709 1402 2780 annotavi,
1427 2708 1475 2782 (2)
1504 2708 1553 2785 qui
1575 2711 1640 2768 inde
1661 2710 1809 2771 deducunt
1828 2714 1893 2771 nub

315 2815 378 2879 lum
397 2813 484 2870 alium
505 2809 665 2867 aedificandi
689 2826 806 2879 morem,
827 2827 913 2886 quarn
936 2826 955 2870 'e
976 2810 1053 2888 ligno
1076 2821 1161 2872 antea
1185 2813 1322 2872 extitisse.
1336 2812 1380 2884 (³)
1419 2811 1589 2872 Oratorium
1609 2815 1754 2891 lapideum
1771 2816 1896 2874 Ardma·

316 2918 442 2977 thanum
456 2924 618 2974 memorant
630 2912 659 2969 hi
674 2912 798 2972 Annales
808 2913 843 2971 ad
857 2933 965 2972 annum
974 2919 1043 2980 788.
1088 2915 1133 2975 De
1145 2918 1246 2975 eodem
1261 2915 1406 2984 oratorio,
1422 2914 1615 2994 wiringum
1633 2920 1672 2977 ad
1684 2937 1791 2979 annum
1808 2925 1894 2992 1125,

316 3021 490 3099 inquiunt-

357 3126 497 3183 Mcxxv.
541 3126 562 3157 “
573 3120 618 3178 Hi
639 3121 699 3197 qint
725 3119 832 3177 idenair
848 3117 906 3198 for
931 3119 993 3177 uoin
1007 3119 1037 3177 di
1058 3120 1104 3177 clia
1124 3122 1224 3179 isindte
1247 3123 1414 3181 tuarccbadd
1433 3122 1564 3182 chheim
1576 3123 1610 3182 de
1622 3125 1676 3182 din.
1679 3123 1735 3201 for
1747 3125 1777 3182 in
1790 3123 1894 3182 dotale

312 3231 383 3290 liocc
395 3247 454 3286 mor
467 3224 637 3285 Airdmocha
657 3224 738 3280 iorrru
757 3224 814 3279 lain
833 3241 919 3298 engur
943 3224 978 3280 do
989 3223 1089 3280 slinnd.
1105 3224 1133 3280 la
1144 3223 1232 3283 Ceall.
1246 3225 1400 3285 Comharbo
1413 3223 1562 3286 Pattraice
1584 3228 1637 3285 iria
1652 3227 1773 3286 triocliot
1790 3227 1843 3286 nrt.
1856 3227 1894 3286 tl.

316 3333 418 3397 arcled
440 3353 456 3390 ο
475 3351 512 3391 aa
535 3329 628 3388 raible
645 3328 718 3385 alinn
739 3326 861 3385 comblou
875 3325 963 3404 sauir
984 3345 1016 3386 co
1028 3328 1163 3386 rin.''-“
1174 3330 1297 3407 [Quinto
1311 3331 1378 3390 Idus
1390 3331 1531 3403 ianuarii,
1557 3333 1764 3410 operimentum
1785 3333 1894 3391 tactum

317 3443 338 3474 ‘⁶
360 3447 391 3496 et
412 3447 521 3495 tectum
541 3437 683 3512 integrum
696 3452 782 3512 supra
805 3431 972 3490 oratorium
990 3432 1134 3509 lapideum
1159 3452 1294 3510 magnum
1315 3435 1561 3507 Ardmacbanum,
1581 3438 1657 3513 quod
1676 3452 1774 3512 postea
1794 3433 1893 3511 tegulis

318 3549 338 3584 ‘t
360 3544 460 3601 ordine
474 3541 625 3600 contexuit
637 3539 737 3596 Celsus
755 3537 918 3596 Cambarba
931 3535 951 3594 i.
961 3555 988 3595 e.
1001 3536 1154 3595 Successor
1163 3538 1194 3597 S.
1206 3535 1335 3609 Patricii,
1353 3558 1425 3597 anno
1442 3546 1499 3599 130
1509 3559 1527 3597 a
1539 3558 1592 3616 qao
1603 3539 1696 3597 lubuit
1706 3547 1807 3599 tectura
1821 3539 1892 3597 iate-

318 3652 337 3685 “
349 3666 432 3724 grani
445 3644 568 3721 antea.’']
605 3645 694 3704 Iidem
708 3642 834 3700 Annales
847 3641 1020 3717 inquiunt-
1569 3717 1572 3721 Ἰ

356 3753 516 3811 Mcxxrx.
530 3749 639 3808 Caislen
655 3747 731 3806 Aera
745 3747 820 3806 lucin
833 3748 868 3804 do
881 3745 1014 3804 ddennml
1024 3764 1095 3822 agria
1108 3764 1145 3802 on
1156 3744 1250 3802 drocet
1263 3744 1297 3801 do
1311 3743 1465 3804 tioccblroil
1479 3748 1508 3805 la
1521 3746 1606 3806 Toirr
1619 3768 1654 3807 aa
1664 3747 1798 3809 emeat.
1816 3768 1892 3809 aem

315 3855 367 3916 Ara
380 3875 416 3913 na
429 3855 597 3913 bliadlrnoao
611 3854 640 3909 a'·
653 3852 771 3910 Saralrra
784 3871 820 3910 ari
834 3859 921 3910 tarta.
972 3850 1069 3909 Altoir
1084 3851 1112 3907 in
1127 3847 1285 3907 Duimliacc
1294 3849 1365 3906 moir
1377 3849 1407 3906 a·
1419 3848 1535 3909 Ccluoin
1546 3872 1588 3909 mc
1601 3855 1661 3912 noia
1675 3854 1710 3912 do
1713 3854 1766 3931 foe
1778 3855 1897 3916 criuccl.

315 3961 421 4031 Zreoid
441 3960 475 4018 do
497 3958 586 4018 1νεὶίή
609 3960 676 4016 eirte
696 3958 725 4013 ·i·
742 3956 881 4030 Cairacan
895 3955 1018 4030 tempuill
1031 3954 1132 4014 Solam.
1153 3964 1218 4012 tucc
1240 3971 1262 4009 ο.
1281 3953 1574 4015 Mliuoilcadoiunrrrc
1593 3959 1765 4020 Domlaaill.
1805 3959 1902 4020 Cadia'

318 4064 454 4127 Donnelro
466 4085 507 4122 mc
519 4064 615 4123 Floinn
629 4082 699 4138 ugus
711 4080 748 4119 nu
762 4062 802 4118 tri
815 4063 896 4118 seoitt
912 4069 973 4117 tuce
986 4059 1080 4117 Toirr.
1102 4078 1138 4118 ua
1148 4056 1317 4115 Concobhuir
1331 4058 1363 4115 ‘i‘
1376 4057 1492 4117 Bleidlee
1504 4061 1620 4120 aircct'tt
1634 4067 1653 4127 7
1668 4083 1755 4139 copon
1763 4064 1865 4140 uirgitt
1876 4067 1895 4126 7

319 4169 406 4227 ccrois
419 4170 461 4223 oir
475 4169 573 4225 tlloiris
587 4174 605 4233 7
617 4188 731 4244 corrigo
743 4187 795 4226 nor
816 4173 913 4232 Ycorn
927 4167 956 4224 lii
969 4166 1065 4224 Rioda
1082 4163 1146 4242 rigi
1159 4162 1258 4222 Aradii
1272 4167 1290 4226 7
1306 4162 1427 4221 cudraed
1452 4164 1547 4242 uirgid
1560 4185 1592 4223 co
1607 4167 1759 4240 fforneimd
1771 4167 1815 4224 oir
1825 4164 1896 4240 fair

319 4290 369 4331 eon
381 4278 465 4327 utere
475 4289 491 4325 o
502 4271 559 4345 ing.
572 4270 713 4328 Ruuidlrri
726 4273 755 4330 ai
768 4271 902 4336 Concobi
915 4290 1000 4350 copon
1012 4269 1121 4328 nirccid
1131 4267 1199 4327 ceu.
1214 4267 1350 4326 camaria
1361 4267 1519 4331 Puttraiec.
1559 4271 1727 4346 [Castellum
1749 4271 1894 4328 Arbioniae

317 4374 501 4441 aedificatum,
513 4381 543 4428 et
554 4373 628 4427 Pons
648 4374 727 4430 istim
741 4376 836 4450 oppidi
850 4375 1023 4434 reaedificata
1036 4395 1054 4431 a
1066 4374 1240 4432 Tirdelbaco
1252 4372 1393 4432 O'Conor
1405 4383 1533 4447 tempore
1546 4373 1642 4430 activo
1653 4373 1739 4446 bujus
1746 4373 1824 4442 anni,
1838 4372 1856 4430 i.
1866 4392 1892 4431 e.

319 4491 418 4545 estate
433 4495 541 4554 magna
556 4474 703 4532 siccitatis.
711 4475 852 4536 —Altare
863 4477 989 4538 Oratorii
1000 4477 1109 4556 lapidei·
1125 4477 1218 4554 magni
1236 4457 1354 4534 Cluana
1376 4495 1441 4535 mac
1456 4478 1517 4535 nois
1529 4476 1694 4552 expiatum,
1714 4485 1744 4532 et
1762 4476 1896 4553 Cymelia

331 4784 375 4847 (1)
394 4787 417 4832 S.
426 4786 541 4832 Berimd
554 4784 579 4832 in
587 4781 674 4832 Vitas.
687 4780 825 4828 Malachiae.
890 4777 933 4842 (2)
941 4776 1031 4826 Annot.
1042 4780 1076 4827 11.
1087 4797 1109 4843 p.
1118 4784 1174 4841 1³5,
1185 4794 1265 4843 supra.

337 4864 381 4930 (8)
395 4864 498 4915 Waraeaa
504 4864 536 4914 de
547 4864 632 4928 Antiq.
645 4861 722 4912 Lond.
736 4864 808 4921 16⁵4,
817 4876 840 4929 p.
852 4861 894 4910 95.
912 4859 975 4909 Vide
985 4874 1088 4909 errorem
1098 4861 1206 4918 Warai„
1216 4869 1242 4908 et
1249 4857 1301 4922 ejus
1311 4859 1463 4924 imitatorum,
1476 4879 1549 4928 supra
1559 4862 1709 4915 arnostum
1725 4878 1756 4930 p.
1763 4865 1822 4914 135.
