4446 6000
636 573 1076 639 annonnrrorvns
1118 578 1192 639 an
1233 579 1353 641 sno.
1375 578 1507 642 v111.
1760 554 1857 648 133

282 768 304 796 “
319 761 349 819 S.
361 759 462 817 Senior
475 755 618 815 Columba
631 756 761 831 ejusdem
774 755 894 815 fratrum
906 756 1095 814 multitudinis
1103 758 1307 834 constipatione
1321 760 1863 839 molestaretur.”-DeniqueScholam

283 863 499 933 Reticuieaaem
521 879 609 938 prope
623 860 788 917 hodiernam
802 860 1027 937 Mullingeriom‚
1046 882 1110 938 quae
1125 883 1225 921 nomen
1246 866 1357 941 accepit
1379 885 1397 923 a
1418 866 1523 924 Metilia
1541 865 1691 944 Cartloig,
1713 867 1815 945 [Mola
1828 868 1860 926 S.

281 961 442 1040 Carthagi,]
465 973 626 1021 memorant
649 965 707 1021 duo
728 962 904 1039 exemplaria
923 973 1034 1020 vetusta
1051 963 1126 1021 Vitae
1137 965 1166 1023 S.
1178 966 1323 1044 Carthagi,
1346 987 1409 1044 quae
1423 988 1507 1045 penes
1521 989 1551 1025 se
1566 969 1667 1026 habuit
1680 970 1861 1027 Usseriuse*

279 1068 313 1125 ln
330 1079 450 1145 utroque
464 1067 587 1125 Roitken
596 1066 703 1124 Civitas
713 1066 883 1143 appellatur,
905 1065 997 1141 posita
1010 1067 1039 1122 in
1054 1067 1147 1124 medio
1162 1069 1316 1138 Hibemiae,
1338 1071 1367 1127 in
1382 1071 1464 1147 plebe
1477 1071 1628 1142 Feorceall,
1642 1073 1690 1130 ubi
1704 1074 1861 1133 maximum

279 1157 488 1230 Monasterium
501 1169 651 1227 edificavit
663 1167 800 1245 Cartlag,
814 1168 844 1225 in
866 1188 924 1244 quo
935 1164 991 1232 867
1012 1170 1149 1227 Monachi
1164 1171 1246 1229 simul
1260 1175 1360 1230 subeo
1381 1174 1718 1234 floruerunt-Ueserim
1729 1185 1863 1234 accurate

278 1283 359 1359 notat
380 1274 540 1331 Moclattoi
559 1273 682 1331 eundem
694 1291 756 1330 esse
773 1290 808 1327 ac
824 1269 960 1347 Cortdog,
985 1273 1160 1331 celeberrimi
1173 1275 1367 1334 Batheniensis
1381 1280 1501 1336 caenobii
1519 1281 1627 1346 abbas,
1641 1288 1670 1335 et
1684 1291 1782 1355 postea
1796 1279 1861 1337 La-

275 1379 407 1436 morenaia
420 1379 547 1436 Antistes
560 1378 676 1454 primus,
697 1376 811 1435 undeet
825 1376 936 1434 Lismor
949 1378 985 1433 ab
999 1375 1060 1452 ipso
1083 1376 1192 1435 tumor
1214 1377 1367 1445 Meclaria,
1388 1391 1417 1437 et
1441 1381 1500 1455 ipse
1525 1400 1544 1437 a
1571 1381 1714 1439 Rathenia
1731 1379 1859 1457 carthag

198 1484 200 1488 ’
278 1479 399 1538 Raithen
409 1484 673 1553 nominatum-(1)
716 1479 855 1556 Expulsio
864 1479 948 1552 hujus
961 1479 1128 1537 sanctissimi
1141 1480 1383 1550 virieRathenia‚
1397 1502 1448 1558 per
1462 1483 1553 1558 Reges
1567 1483 1709 1541 Diarrnait
1722 1482 1861 1541 ctBlath·

277 1604 352 1653 mac,
361 1585 488 1654 refertur,
502 1585 532 1641 in
543 1584 586 1642 his
600 1583 768 1651 Annalibus,
781 1592 813 1640 et
826 1593 912 1651 recte,
925 1583 961 1639 ad
973 1600 1078 1639 annum
1089 1579 1159 1641 636.
1173 1583 1222 1655 (2)

318 1689 390 1747 Haec
401 1698 466 1745 sunt
476 1706 539 1764 quae
550 1688 587 1744 de
605 1687 729 1761 antiquis
740 1685 916 1753 Academiis,
940 1686 968 1741 in
996 1684 1038 1741 his
1061 1684 1231 1753 Annalibus,
1247 1684 1360 1743 Saeculo
1372 1685 1456 1756 Vlll,
1477 1688 1652 1756 memoratis,
1674 1688 1795 1746 breviter
1809 1705 1860 1744 no·

275 1793 363 1848 tanda
375 1791 518 1866 proposui,
543 1801 575 1849 ut
587 1791 701 1858 veritas,
723 1787 1055 1865 quaecontrahominum
1069 1787 1252 1845 calliditatem
1274 1807 1466 1863 sepenumero
1487 1810 1516 1846 se
1540 1791 1601 1866 ipsa
1621 1801 1739 1859 tutetur,
1764 1810 1858 1868 nequo

276 1897 364 1952 obteri
386 1896 535 1953 calumnie
552 1892 757 1969 magnitudine,
780 1911 833 1949 nec
848 1901 1009 1967 temporum
1024 1890 1139 1965 injuria,
1161 1900 1212 1949 aut
1224 1891 1327 1949 erroris
1343 1892 1532 1951 diuturnitate
1546 1894 1667 1970 opprimi
1680 1896 1857 1970 patiatur.-

276 2000 386 2074 Frigida
398 2009 451 2069 eat,
473 2011 504 2056 et
522 2000 621 2074 iniqua
631 1997 831 2056 nonnullorum
845 1995 1040 2072 exprobratio,
1062 1996 1111 2071 qui
1130 1995 1334 2053 beneficiorum
1347 1996 1541 2067 immemores,
1553 1998 1729 2056 Liberaliurn
1739 2001 1854 2059 Artium

273 2103 368 2160 studia
388 2121 535 2178 nunquam
553 2101 582 2160 in
600 2101 739 2158 Hibernia
752 2098 870 2157 exculta
889 2097 972 2155 luisse
997 2097 1132 2166 clamant,
1153 2097 1221 2174 quia
1239 2098 1319 2157 nulla
1338 2100 1376 2157 ihi
1398 2108 1500 2158 extant
1524 2102 1639 2160 Artium
1657 2102 1855 2172 lllonumenta,

271 2216 300 2261 et
314 2207 374 2281 ipsa
384 2206 499 2280 vestigia
509 2204 661 2261 desiderari
677 2201 822 2259 videntur!
843 2202 888 2274 (3)
929 2200 1040 2258 Periere
1061 2202 1178 2275 vestigia
1203 2200 1380 2278 Carthaginis
1409 2204 1438 2261 in
1461 2203 1570 2273 Africa,
1599 2215 1628 2262 et
1643 2202 1809 2263 Phoenicum
1827 2206 1855 2264 in

274 2307 429 2389 Phoenicia,
447 2320 477 2364 et
491 2306 640 2381 Hispania.
662 2303 750 2362 Periit
769 2304 831 2378 ipsa
850 2303 945 2377 lingua
962 2301 1081 2370 Punica,
1102 2321 1202 2377 eaeque
1213 2303 1418 2361 florentissimae
1431 2304 1704 2381 Carthaginiensium
1717 2307 1855 2378 Coloniae,

272 2429 365 2485 quaea
378 2408 450 2467 freto
462 2409 608 2467 Gaditano
624 2408 782 2476 tendentes,
794 2423 882 2482 usque
897 2405 933 2462 ad
944 2403 1043 2473 Cerne,
1058 2413 1088 2462 et
1101 2405 1138 2461 ad
1150 2403 1306 2461 latitudinis
1320 2404 1556 2482 septentrionalis
1564 2408 1681 2483 gradum
1696 2417 1746 2478 25,
1767 2411 1855 2471 Occi·

203 2495 209 2504 ⁵
273 2512 400 2570 dentalia
415 2511 519 2570 Airicae
532 2513 616 2570 litora
627 2511 754 2570 edificiis
767 2511 917 2577 ornabant,
931 2527 966 2565 ac
980 2517 1092 2583 gentem
1108 2507 1273 2576 immanem,
1287 2526 1305 2564 a
1323 2507 1393 2577 iera,
1415 2511 1573 2585 agrestique
1586 2511 1664 2582 Vita,
1687 2515 1855 2571 commerci-

272 2634 354 2673 arum
369 2616 520 2686 illecebris,
532 2617 569 2673 ad
584 2615 694 2672 cultum
707 2614 905 2672 humaniorem
919 2612 1061 2669 deducere
1074 2619 1221 2679 conantes,
1234 2611 1368 2668 barbaros
1381 2611 1449 2669 istos
1464 2611 1602 2672 Societati
1626 2614 1701 2671 civili
1716 2615 1853 2692 paulatim

271 2719 509 2795 appropinquare,
532 2729 562 2777 et
582 2718 793 2793 quodammodo
807 2732 1002 2773 mansuescere
1022 2715 1188 2771 effecerunt.
1215 2715 1328 2786 (4)-“
1350 2713 1435 2771 Cette
1449 2713 1569 2772 relation
1582 2714 1742 2787 d'Hannon,
1763 2717 1856 2793 inquit

272 2827 293 2854 ⁸⁴
315 2823 527 2897 Montesquieu,
551 2831 594 2877 est
615 2819 744 2877 d'autant
757 2817 819 2893 plus
833 2817 976 2892 precieuse
991 2815 1039 2889 qu'
1054 2816 1111 2883 elle
1124 2827 1167 2873 est
1188 2834 1227 2873 un
1240 2826 1409 2875 monument
1422 2817 1556 2895 Patrique,
1570 2830 1600 2878 et
1613 2820 1639 2879 c'
1652 2830 1696 2879 est
1705 2840 1792 2899 parce
1806 2821 1853 2899 qu'

271 2929 291 2956 ‘⁴
312 2925 368 2982 elle
381 2935 424 2982 est
437 2923 573 2999 Patrique,
584 2922 630 2998 qu'
643 2922 698 2978 elle
706 2940 725 2979 a
738 2916 784 2978 ete
797 2916 930 2994 regard‘ee
950 2936 1062 2976 comme
1075 2918 1229 2976 iabuleuse.
1277 2919 1335 2976 Car
1354 2920 1395 2976 les
1416 2922 1553 2980 Romains
1573 2937 1774 2984 conservarent
1787 2927 1851 2983 leur

271 3033 292 3061 ‘⁴
312 3027 396 3085 haine
408 3037 505 3085 contre
519 3027 558 3084 les
568 3024 762 3099 Carthaginois
777 3042 869 3081 meme
884 3021 965 3098 apres
975 3022 1016 3080 les
1029 3021 1108 3079 avoir
1120 3021 1251 3080 detruits.
1310 3022 1385 3078 Mais
1404 3041 1437 3079 ce
1451 3043 1487 3080 ne
1500 3024 1544 3081 sut
1558 3044 1613 3101 que
1629 3025 1657 3083 la
1673 3027 1791 3085 victoira
1799 3028 1848 3105 qui

271 3136 291 3165 “
313 3129 414 3190 decide
439 3131 481 3188 s’il
495 3129 586 3187 t‘alloit
600 3128 660 3186 dire
680 3132 700 3159 “
715 3124 812 3202 Losoi
827 3125 951 3198 Punique
963 3143 998 3181 ou
1011 3122 1039 3180 la
1052 3121 1103 3198 foi
1115 3121 1277 3179 Rornaine.”
1318 3123 1377 3179 Des
1401 3125 1550 3183 modernas
1572 3135 1623 3184 ont
1635 3127 1706 3184 snivi
1729 3148 1762 3186 ce
1782 3127 1847 3206 pre·

271 3240 291 3269 “
307 3232 388 3312 juge.
429 3233 494 3302 Que
504 3244 569 3291 sont
582 3233 724 3289 devenues
736 3230 829 3286 disent
843 3227 886 3297 ils,
901 3228 941 3284 les
955 3228 1033 3285 villes
1047 3227 1093 3302 qu'
1109 3226 1234 3283 Hannon
1248 3244 1319 3283 nous
1330 3227 1429 3294 decrit,
1454 3237 1485 3285 et
1507 3228 1577 3287 dont
1596 3248 1689 3287 rueme
1703 3229 1742 3287 du
1757 3241 1848 3308 temps

270 3342 290 3371 ‘⁴
312 3339 349 3396 de
361 3335 452 3405 Pline,
465 3336 484 3395 il
499 3354 536 3393 ne
550 3334 649 3393 restoit
661 3354 710 3411 pas
724 3334 752 3391 le
766 3332 897 3391 moindre
908 3331 1035 3406 vestiget
1077 3327 1124 3385 On
1139 3340 1237 3385 trouve
1260 3339 1396 3403 pourtant
1407 3330 1476 3386 dans
1489 3328 1601 3407 Scylax,
1612 3341 1641 3389 et
1654 3333 1724 3392 dans
1735 3333 1847 3411 Polyhe,

269 3447 289 3476 ‘⁸
311 3462 365 3519 que
382 3442 422 3499 les
443 3438 639 3515 Carthaginois
651 3438 765 3495 avolent
778 3437 813 3493 de
826 3436 928 3511 grands
941 3433 1150 3492 etahlissemens
1164 3449 1212 3488 sur
1225 3450 1271 3488 ces
1284 3440 1371 3490 cotes.
1415 3434 1502 3492 Voila
1514 3435 1554 3492 les
1576 3437 1692 3514 vestiges
1703 3437 1754 3496 des
1766 3439 1845 3497 villes

267 3550 289 3579 ⁴¹
311 3546 476 3604 d'Hannon.
518 3543 543 3599 ll
562 3541 590 3600 n’
610 3562 630 3619 y
652 3560 689 3599 en
714 3539 824 3618 apoint
838 3539 971 3608 d'autros,
998 3555 1083 3616 parce
1111 3536 1159 3613 qu'
1180 3535 1201 3592 il
1222 3535 1283 3614 n'y
1304 3554 1339 3592 en
1361 3555 1379 3593 a
1399 3537 1480 3615 point
1499 3539 1624 3599 d'autres
1648 3540 1684 3598 de
1704 3542 1846 3620 Carthago

269 3654 290 3683 “
312 3650 432 3708 meme.’'
446 3649 490 3720 (5)
1401 3725 1404 3728 ἢ

308 3756 374 3813 Jam
397 3775 474 3824 vero,
502 3771 564 3830 que
584 3752 619 3810 de
633 3753 676 3810 his
699 3750 871 3819 civitatibus,
891 3749 1005 3826 penitus
1019 3744 1128 3816 deletis,
1148 3757 1282 3807 accurato
1305 3747 1393 3806 tradit
1413 3747 1613 3827 Monterqaieu,
1639 3770 1675 3808 ee
1696 3750 1767 3826 ipsa,
1787 3751 1845 3809 imo

268 3857 361 3934 plura,
376 3867 405 3914 et
420 3858 534 3931 quidem
547 3854 719 3915 certitudine
742 3853 824 3928 longe
839 3855 948 3929 majori,
969 3854 1005 3910 de
1025 3856 1141 3911 vetustis
1167 3855 1358 3911 Hibemorum
1376 3854 1539 3912 Academiis
1553 3855 1686 3921 dicenda,
1712 3873 1748 3910 ex
1763 3853 1845 3912 dictis

269 3959 447 4018 manifestum
463 3979 522 4016 esse
532 3959 656 4017 confido.
697 3959 806 4015 Extant
817 3959 893 4016 enim
908 3978 1008 4017 earum
1021 3978 1076 4015 non
1091 3959 1200 4015 incerta
1211 3957 1336 4033 vestigia,
1350 3975 1403 4016 nec
1417 3958 1446 4015 in
1457 3975 1527 4027 uno,
1537 3965 1589 4016 aut
1601 3957 1694 4014 altero
1714 3955 1842 4029 ejusdem

267 4063 359 4138 gentis
380 4061 529 4137 scriptore,
554 4060 603 4117 sed
623 4061 652 4116 in
671 4057 809 4128 Camineo,
831 4057 1003 4129 Calaminae,
1017 4060 1191 4132 Adonmono,
1218 4074 1249 4119 et
1262 4059 1398 4130 Atticino,
1419 4059 1587 4118 testimoniis
1612 4055 1744 4127 oculatis,
1765 4057 1843 4115 omni

268 4164 437 4242 exceptione
452 4162 615 4236 majoribus,
637 4161 665 4217 in
678 4160 903 4233 helinstrano,
918 4165 1039 4234 Nennio,
1054 4163 1227 4240 Eginiardo,
1242 4162 1381 4232 Notlrero,
1396 4162 1508 4231 Errico,
1519 4160 1628 4231 stallis,
1642 4173 1701 4219 tam
1712 4161 1843 4233 extemis,

271 4286 356 4344 quarn
371 4264 542 4334 domesticis,
555 4283 625 4341 quos
635 4265 750 4341 longum
759 4274 841 4334 essct,
855 4275 884 4322 et
897 4283 1141 4342 supervacaneum
1154 4280 1328 4321 enumerare.
1371 4263 1509 4321 Nicolaus
1526 4263 1692 4335 Vemuloeus,
1703 4263 1800 4341 Belga,
1814 4265 1843 4322 in

285 4556 319 4624 it)
339 4563 393 4610 l'ita
406 4563 500 4612 Vetusta
511 4562 535 4611 S.
547 4562 669 4625 Carthagi,
681 4579 711 4610 ex
721 4561 815 4610 duobus
824 4561 953 4610 Codicibus
964 4561 1029 4624 apud
1042 4560 1159 4609 Ueserim
1169 4574 1194 4624 p.
1201 4563 1258 4616 910,
1267 4562 1383 4614 919371.

279 4638 315 4688 (tl
332 4643 417 4689 danai.
429 4644 507 4691 tum
518 4658 590 4707 snpra
599 4658 655 4706 pag.
666 4647 707 4698 to,
716 4658 772 4691 ann.
780 4645 838 4698 6:³5,
849 4657 902 4690 ere
913 4657 974 4690 eom.
984 4644 1042 4690 ⁶³⁶.
1075 4639 1228 4690 Conveniunt
1239 4639 1411 4706 lanip‘ollenm
1419 4639 1451 4689 erl
1461 4640 1565 4689 eundern
1576 4655 1672 4689 ennam

285 4721 330 4780 (3)
347 4721 431 4775 Hune,
440 4722 503 4770 Hist.
515 4724 544 4772 ot*
550 4722 621 4785 Engl.
639 4723 757 4770 hedwich.
769 4723 885 4784 Campbei.

286 4801 330 4858 (4)
349 4801 510 4862 componatur
522 4801 694 4867 Anteqnedad.
707 4803 789 4851 Merit
803 4804 834 4850 de
852 4802 956 4866 cartago
976 4817 1023 4850 oon
1032 4802 1058 4850 el
1068 4800 1166 4865 Periplo
1177 4802 1209 4850 de
1221 4801 1327 4852 Hannon
1343 4795 1451 4856 Hadrid,
1463 4800 1534 4855 1756,
1545 4803 1570 4846 et
1580 4797 1692 4847 Memoirr
1703 4795 1736 4846 ‹le
1745 4795 1840 4847 l'Aoad.

285 4879 343 4927 vot.
356 4883 395 4927 26.
428 4879 490 4928 Item
501 4880 615 4930 Falcone·
625 4898 656 4930 on
668 4884 709 4931 tlte
722 4882 831 4946 Periplua
842 4884 870 4929 ol
879 4883 975 4930 Hanno.
1535 4882 1541 4892 ⁴

286 4960 331 5023 (5)
349 4959 508 5023 umam
519 4959 598 5022 Esprit
608 4961 651 5009 dea
663 4961 730 5017 Loix,
743 4972 760 5011 t.
768 4967 793 5019 2,
804 4966 892 5026 pm,
903 4963 962 5011 edit.
975 4960 1084 5018 Genese,
1096 4964 1168 5010 1⁷50.
