4446 6000
342 489 467 587 228·
779 510 1040 579 suunnns
1080 508 1478 579 unrournusns.

337 709 363 782 7
384 722 450 777 eon
474 696 650 772 rinnriset
672 694 923 772 Cruitintunit
950 694 1061 782 nuile,
1090 703 1113 773 7
1132 718 1196 767 con
1225 705 1356 791 rugant
1379 719 1427 768 an
1441 693 1565 792 giulio.
1632 693 1780 796 Colggu
1797 706 1924 784 7Aed

341 821 389 896 da
416 818 488 894 Ab.
504 816 734 892 Monistrecir
759 819 871 892 Boiu
888 819 911 891 i.
929 843 963 890 u.
983 840 1041 890 an.
1060 840 1104 889 m.
1124 829 1169 889 st.
1224 814 1439 890 Cernaclron
1466 840 1544 891 mcc
1559 816 1808 920 Cumuscoigk
1836 826 1920 901 Rex
1984 839 1987 843 ’

341 943 470 1019 natio
486 940 770 1041 Airtlrirjugul.
792 953 848 1014 est
868 939 996 1013 dolose
1020 938 1250 1011 oMorocain
1267 962 1346 1012 mac
1361 938 1554 1013 Aedocain.
1618 942 1702 1017 Acd
1716 969 1796 1020 mac
1811 946 1923 1025 Neill

343 1067 458 1140 roslat
488 1065 706 1163 Longportu
733 1062 829 1139 Gall
851 1062 944 1135 ettir
965 1061 1075 1136 Cenel
1090 1086 1114 1134 n
1129 1061 1282 1157 Eugain
1305 1062 1341 1134 u'·
1369 1063 1465 1135 airir
1495 1063 1533 1137 in
1550 1061 1661 1138 Foeta
1677 1076 1701 1146 7
1717 1066 1914 1162 Dolnaire,

343 1211 408 1264 con
424 1202 491 1283 eug
505 1211 528 1258 a
545 1187 723 1266 cenulai7
739 1187 839 1260 aneti
854 1194 914 1264 7α
931 1184 1066 1259 crodlra
1082 1208 1105 1255 a
1115 1183 1310 1281 Longport
1327 1197 1439 1256 ercat.
1476 1184 1770 1286 Ronnudsorar'h
1785 1215 1826 1266 oc
1839 1195 1921 1268 loct

343 1305 471 1385 Ferat!
487 1334 528 1383 as
541 1335 565 1383 a
584 1310 711 1384 tacita
729 1310 776 1383 da
792 1336 848 1382 xx
864 1309 925 1382 dcc
939 1331 1038 1381 ceno.
1058 1307 1136 1380 loch
1150 1304 1305 1380 Leibiun
1324 1306 1365 1378 do
1381 1307 1472 1379 sudis
1488 1309 1502 1381 i
1517 1307 1607 1404 suit
1623 1316 1792 1389 contorta
1807 1334 1924 1416 opor--

342 1450 406 1510 rue
421 1459 502 1509 croo
519 1435 613 1508 amir.
630 1436 827 1510 scanrlronn
844 1435 882 1507 in
896 1433 1155 1506 naimtectrar.
1187 1428 1336 1526 [Amlass
1357 1443 1395 1504 et
1408 1432 1541 1522 Ausle,
1555 1433 1683 1510 ierunt
1698 1438 1914 1534 Pictaviam,

343 1582 429 1634 curn
446 1557 679 1656 Alienigenis
698 1555 888 1632 Hiberniae
906 1568 943 1630 et
959 1554 1139 1643 Albaniae,
1159 1566 1198 1627 et
1212 1567 1456 1628 vastaverunt
1482 1555 1609 1631 Pictos
1634 1584 1774 1653 omnes,
1804 1565 1922 1639 etab-

345 1682 529 1758 stulerunt
546 1680 691 1754 obsides
709 1704 845 1753 eorum.
870 1680 1003 1777 Colga,
1017 1691 1055 1753 ct
1068 1677 1161 1769 ned,
1180 1678 1257 1753 duo
1266 1679 1436 1768 Abbates¹
1447 1679 1668 1758 Monasterii
1683 1687 1867 1781 Butenris,
1883 1693 1926 1767 in

342 1829 420 1878 uno
436 1828 535 1877 anno
550 1801 687 1876 mortui
701 1814 800 1875 sunt.
856 1800 1077 1875 Cernachan
1090 1801 1187 1876 filius
1203 1801 1458 1903 Cumuscagii,
1479 1831 1544 1879 rex
1567 1808 1675 1882 Arcis
1691 1811 1917 1906 Orientialis,

345 1925 611 2024 (Rathairthir)
626 1925 826 2022 jugulatus
844 1938 900 1998 est
917 1924 1044 1998 dolose
1058 1949 1121 2023 per
1138 1925 1322 1999 Morocan
1337 1926 1453 2000 filium
1471 1929 1672 2005 Aedocaui.
1726 1934 1807 2007 Aed
1823 1936 1925 2010 filius

347 2052 466 2128 Neilli
479 2049 633 2148 diripuit
649 2047 780 2122 Castra
792 2047 1094 2145 Alienigenarum
1114 2048 1211 2122 inter
1227 2049 1427 2142 Tironiam,
1450 2053 1472 2125 i.
1486 2076 1515 2126 e.
1534 2053 1708 2145 Focliam,
1729 2058 1921 2133 etDalna-

346 2175 497 2265 rudiam,
518 2187 556 2248 et
586 2171 740 2246 abstulit
761 2195 886 2244 eornm
909 2170 1074 2270 praedas,
1094 2184 1132 2244 et
1160 2186 1335 2258 armenta,
1360 2188 1398 2249 et
1422 2175 1543 2266 boves,
1575 2190 1613 2250 et
1641 2181 1776 2253 evertit
1797 2184 1920 2256 muni·

345 2312 480 2373 menta.
516 2296 686 2373 Victoria
700 2306 805 2394 parta
820 2295 868 2369 de
883 2296 944 2383 eis,
963 2293 1060 2392 apud
1077 2295 1197 2368 lacum
1212 2294 1379 2385 Feabhal,
1410 2296 1540 2394 (hodie
1551 2297 1655 2374 Loch
1672 2300 1803 2400 Foyle)
1822 2305 1925 2381 unde

346 2421 429 2497 Rex
458 2420 540 2494 Aed
571 2418 774 2518 reportavit
802 2416 925 2516 capita
941 2416 1176 2491 inimicorum
1192 2425 1275 2492 240.
1330 2419 1452 2494 Lacus
1484 2421 1632 2497 Lebinn
1663 2423 1701 2498 in
1727 2427 1929 2524 sanguine·

346 2570 411 2619 um
429 2547 588 2619 colorem
604 2554 782 2632 mutatus,
800 2541 909 2614 itaut
924 2539 1074 2638 sanguis
1090 2542 1310 2639 coagulatus
1325 2557 1515 2643 appareret
1530 2544 1569 2619 in
1586 2546 1670 2637 imo,
1692 2547 1736 2620 in
1751 2549 1924 2624 similitu·

349 2667 477 2741 dinem
493 2667 708 2741 interiorum
724 2663 977 2756 animalium]
987 2661 1049 2756 (1)

347 2792 421 2872 En,
435 2788 529 2869 uro
546 2795 580 2877 11
596 2791 646 2869 ti.
700 2788 920 2864 Mucleduin
937 2811 1014 2862 mac
1029 2787 1166 2879 Aedi«,
1194 2814 1259 2865 rex
1276 2793 1312 2865 A
1318 2793 1425 2890 irtgt,
1446 2793 1485 2867 in
1507 2795 1695 2880 clericatu,
1716 2795 1840 2869 dolore
1857 2820 1928 2870 ex·

345 2931 452 2994 tenso
468 2917 618 3014 quievit.
672 2913 886 2990 Robur-rach
905 2912 1132 3014 Finngloissi
1150 2915 1366 3014 Episcopus,
1399 2931 1439 2992 et
1453 2917 1589 3009 Scriba,
1611 2931 1649 2994 et
1677 2919 1812 2995 Conall
1829 2920 1928 2996 Cille

347 3040 451 3118 Scire
478 3040 697 3139 Episcopus,
728 3038 953 3118 7Coscraclr
971 3038 1197 3135 Taigitaille,
1226 3038 1365 3137 Scriba,
1392 3053 1416 3121 7
1446 3029 1641 3132 Ancorita,
1671 3056 1694 3122 7
1716 3043 1931 3143 Cegedtcar*

347 3165 473 3241 Abbas
492 3163 658 3254 Condire,
679 3172 703 3243 7
721 3163 865 3241 Laruae
881 3164 947 3252 ela,
968 3172 992 3240 7
1011 3160 1164 3236 Cor-mac
1179 3185 1294 3258 nepos
1308 3161 1472 3255 Liatain,
1505 3165 1642 3260 Scriba,
1663 3178 1686 3249 7
1704 3167 1922 3267 Episcopus,

349 3303 373 3373 7
391 3289 585 3378 Ancorita‚
606 3288 646 3360 in
664 3286 754 3384 Xpo
771 3309 899 3360 omnes
916 3284 1157 3360 dormierunt.
1211 3284 1424 3377 Maeltuile,
1444 3287 1516 3361 Ab.
1535 3288 1654 3364 Airrre
1671 3291 1761 3364 irtir
1786 3291 1928 3387 [Abbas

350 3411 496 3486 Araniae
514 3407 711 3501 inferioris]
724 3408 877 3503 quievit.
931 3406 1076 3483 Guaire
1092 3432 1172 3482 mac
1184 3406 1488 3484 Duibdabor'rcun
1502 3413 1666 3485 moritur.
1721 3413 1830 3486 Aban
1847 3437 1927 3488 mac

352 3534 527 3623 Cinaedk,
547 3532 780 3630 Riglcdomno
799 3530 1022 3620 Connacirta,
1061 3532 1105 3606 do
1129 3533 1261 3627 orgain
1277 3528 1520 3629 fridoiglridlr
1545 3556 1565 3603 o
1592 3530 1812 3608 Soctlacran
1847 3560 1925 3608 mac

352 3658 560 3733 Diurmato.
609 3653 731 3753 [Aban
752 3654 848 3728 filius
865 3653 1037 3744 Kenethi,
1058 3654 1140 3729 Rex
1164 3652 1316 3728 futurus
1338 3653 1548 3744 Connaciae,
1569 3652 1786 3733 combustus
1802 3656 1927 3757 ignea

353 3780 581 3859 Sachlacano
609 3779 685 3853 filio
704 3777 923 3872 Dianitis]
968 3778 1108 3867 Auirle,
1136 3776 1273 3852 tercius
1291 3777 1375 3852 Rex
1394 3776 1613 3867 Gentilium,
1643 3778 1743 3869 dolo,
1770 3783 1927 3879 7parri·

351 3904 461 3998 cidio‚
484 3930 505 3978 a
523 3902 696 3978 fratribus
712 3902 786 3975 suis
798 3901 883 4001 jug.
899 3917 964 3975 cst.
1017 3901 1098 3975 Bel.
1115 3896 1190 3998 sor
1213 3899 1362 3975 Satara
1381 3901 1552 3974 tuaiscr‘rt
1575 3900 1684 3976 icair
1700 3903 1849 3978 Ebhroc
1864 3931 1928 3984 ren

351 4032 533 4129 Dubgall,
558 4026 747 4126 [Praelium
774 4036 904 4098 contra
923 4023 1086 4096 Saxones
1101 4022 1414 4121 septentrionales,
1452 4025 1551 4122 apud
1568 4023 1779 4101 Eboracum
1797 4027 1930 4103 civita·

351 4166 437 4243 tem,
450 4177 513 4249 per
525 4151 651 4249 nigros
668 4148 865 4242 Gentiles]
882 4147 920 4221 in
940 4171 1015 4243 quo
1033 4146 1172 4220 cecidit
1183 4145 1273 4238 Alli,
1292 4171 1357 4221 rex
1372 4144 1561 4221 Saxonum
1576 4149 1852 4246 aquilonalium.
1873 4151 1928 4246 (a)

353 4275 498 4352 Loscad
510 4272 638 4348 Duiue
653 4274 688 4345 A
693 4275 848 4362 nemrim,
867 4296 906 4347 oc
920 4271 1060 4348 Clonin
1071 4271 1242 4363 Dulcitio,
1260 4273 1297 4347 la
1313 4296 1392 4346 mac
1406 4298 1430 4345 rr
1444 4271 1630 4364 Gaittini,
1650 4285 1673 4355 7
1687 4276 1728 4346 la
1742 4275 1925 4348 Maelcia·

354 4594 501 4670 (1)Tuiia
526 4591 599 4650 mira
620 4589 648 4646 in
674 4587 798 4646 melioris
817 4599 894 4646 notae
917 4590 1066 4650 Chronicis
1086 4610 1161 4668 saepe
1186 4590 1436 4660 recurrunt-Sic,
1455 4590 1484 4648 in
1501 4588 1760 4651 cumanum
1774 4606 1841 4648 ann.
1857 4585 1930 4661 6³5,

353 4695 375 4726 ⁴⁶
396 4690 462 4747 Hoc
476 4707 551 4746 anno
565 4685 685 4760 contigit
707 4684 736 4742 in
752 4683 899 4742 Britannis
920 4685 1071 4759 sanguinea
1094 4686 1200 4763 pluvia.
1240 4687 1299 4743 Luc
1321 4687 1400 4754 item,
1422 4699 1454 4744 et
1469 4689 1618 4764 butyrum,
1638 4702 1774 4744 converso
1798 4685 1876 4744 suere
1898 4688 1931 4747 iu

352 4785 546 4860 sanguinem.”
587 4782 695 4839 Eadem
710 4779 795 4838 habet
817 4777 943 4837 Curadoc
960 4777 1106 4838 Horreum.
1121 4781 1229 4840 Chron.
1242 4799 1305 4857 pag.
1319 4787 1366 4839 15.

354 4883 400 4953 (2)
418 4879 582 4937 Concordat
596 4875 697 4935 Circo.
712 4874 812 4934 Soron.
827 4875 896 4934 edit.
908 4873 1028 4947 Gibson,
1042 4893 1108 4934 ann.
1123 4871 1192 4945 867,
1203 4880 1327 4951 pag.79.
