4446 6000
355 551 455 641 084
790 569 1050 636 sunnone
1084 570 1489 649 unrournnsus

355 759 425 835 flu.
443 750 554 831 ffltm
568 752 644 835 lm·
658 750 683 827 ι’.
724 747 897 823 Bruatar
917 772 994 823 mac
1027 750 1236 844 Tigernuig,
1259 749 1312 823 Ri
1327 752 1361 824 lr.
1383 748 1603 825 Cennselaclr
1621 774 1669 825 nr.
1724 753 1833 830 Arcu
1848 782 1936 834 runc·

356 879 465 953 Neill
481 873 648 949 dornarbli
665 873 707 944 do
733 872 869 945 maeaib
885 871 1055 967 Ardgor'r
1081 872 1266 943 immcboil.
1320 873 1404 946 Aed
1417 874 1450 944 lr.
1474 871 1633 963 Dubdai,
1665 873 1720 946 Ri
1737 880 1929 953 tuuiscer'rt

358 998 579 1083 Connoclrta,
600 1019 728 1068 secura
754 1004 872 1068 morte
898 1019 987 1066 mor.
1042 991 1180 1068 Orcar'n
1206 993 1391 1068 Cilledora
1426 993 1597 1067 OImar
1620 996 1763 1072 Ptuirt
1795 1003 1924 1076 laircc..

355 1125 534 1222 [Bruatar,
555 1106 656 1190 filius
674 1116 885 1214 Tigernagi,
913 1117 995 1188 Rex
1014 1115 1172 1213 regionis
1192 1115 1434 1205 Ceunselach,
1457 1117 1624 1190 moritur.
1678 1119 1789 1209 Arcu,
1825 1123 1924 1195 filius

356 1245 484 1333 Neilli‚
505 1242 650 1316 occisus
667 1266 689 1314 a
705 1241 789 1313 filiis
814 1239 995 1337 Ardgarii,
1023 1239 1158 1313 dolose.
1211 1238 1291 1313 Aed
1310 1238 1490 1335 O’Duffy,
1528 1240 1612 1313 Rex
1633 1244 1931 1339 septentrionalis

358 1366 570 1455 Connaciae,
591 1387 716 1438 secura
739 1374 856 1435 morte
872 1358 1034 1435 moritur.
1088 1361 1259 1434 Vastatio
1280 1360 1455 1434 Kildariae
1494 1387 1557 1459 per
1586 1365 1763 1455 Imarum,
1794 1366 1926 1440 ducem

355 1489 549 1562 Danorum
568 1486 779 1583 Menapia]

355 1613 424 1689 flu.
450 1609 563 1689 mtttt
579 1612 655 1693 lm
673 1609 714 1685 ii.
767 1607 921 1682 Cormac
937 1631 1014 1682 mac
1029 1609 1290 1698 Maelcr'uror'n,
1311 1586 1518 1683 Cornlrorba
1547 1610 1727 1698 Mocutu,
1740 1610 1927 1706 [Vicarius

357 1732 553 1825 Moclrtaei]
576 1731 781 1805 Murcrlach
800 1756 877 1804 mac
904 1731 1115 1823 Moirecan,
1149 1732 1285 1829 Scenap
1302 1732 1532 1821 Airdmoclra,
1563 1732 1928 1827 [AEdituusArdma·

356 1853 513 1947 chenus]
536 1855 752 1928 moriuntur.
806 1854 1052 1928 Cothroirriud
1067 1858 1123 1926 ria
1139 1854 1420 1927 Maelsecluzoill
1436 1879 1513 1927 mac
1535 1878 1560 1925 n
1575 1855 1798 1945 Domlmuill,
1833 1858 1928 1936 7rt'a

357 2003 382 2050 n
398 1975 502 2052 Gluu
519 1977 600 2050 iarn
623 2001 700 2050 mac
719 1979 889 2065 Attilam,
905 1974 981 2073 sor
998 1977 1201 2049 Dominall
1226 1972 1412 2069 cloen,sor
1430 1977 1482 2048 Ri
1498 1974 1631 2070 Laing,
1662 1988 1686 2056 7
1701 1977 1777 2073 sor
1796 1979 1928 2050 Imlrar

357 2101 474 2175 Puirt
495 2102 619 2198 lairge,
640 2102 687 2175 da
705 2101 911 2174 itorcrudur
935 2101 985 2188 ili,
1007 2101 1078 2173 ido·
1093 2100 1209 2173 badad
1224 2113 1246 2179 7
1261 2101 1444 2189 marthae,
1474 2101 1519 2172 im
1536 2098 1641 2175 Gillo
1660 2099 1829 2194 Padraig
1846 2121 1925 2170 mac

358 2227 486 2316 Imoir·,
518 2238 540 2304 7
560 2225 740 2298 at-Aed
752 2225 785 2295 Ιι.
806 2224 1001 2311 Moto-an,
1032 2223 1234 2296 Comlrorba
1264 2228 1309 2298 da
1326 2224 1518 2314 Sinclrcall,
1549 2222 1631 2320 jug.
1653 2246 1684 2294 e.
1703 2222 1738 2294 in
1744 2276 1923 2296 ..............

356 2347 543 2446 [Praelium
575 2359 682 2420 atrox
713 2333 860 2444 gestum
886 2371 907 2418 a
939 2345 1227 2418 Maelseehnallo
1252 2347 1328 2420 lilio
1347 2346 1551 2436 Donnaldi,
1578 2358 1616 2417 et
1631 2370 1652 2417 a
1670 2345 1781 2417 Genu
1796 2341 1926 2432 ferreo,

360 2469 597 2563 (Gluuiron)
627 2469 704 2542 filio
720 2470 867 2557 Amlafi,
905 2481 1035 2541 contra
1063 2468 1304 2541 Donnaldum
1323 2495 1489 2558 curvum,
1518 2469 1657 2565 Regem
1677 2467 1859 2565 Lageniae,
1889 2479 1927 2538 et

358 2605 488 2666 contra
514 2592 675 2664 Imarum
705 2592 992 2688 Menapiensem,
1022 2591 1061 2662 in
1090 2617 1164 2688 quo
1191 2591 1326 2690 periere
1343 2591 1462 2679 multi,
1496 2589 1683 2678 submersi,
1711 2599 1777 2659 aut
1800 2585 1931 2673 occisi,

358 2742 444 2790 cum
463 2716 578 2788 Gilda
595 2715 755 2788 Patricio
769 2714 846 2786 filio
864 2713 984 2802 Imari,
1032 2726 1069 2786 et
1086 2704 1313 2789 aliis-Aed
1342 2712 1581 2805 O'Mothran,
1611 2712 1736 2785 Abbas
1769 2711 1932 2784 duorum

359 2835 668 2913 Monasteriorum
686 2835 873 2925 Sincleell,
888 2835 1084 2933 jugulatus
1102 2850 1155 2910 est
1167 2838 1203 2909 in
1207 2893 1267 2909 .....
1271 2837 1285 2929 ]

358 2964 427 3040 sstt·
454 2959 565 3037 θείη
584 2962 660 3044 lm
677 2959 746 3038 iit
784 2960 929 3033 Uissine
945 2961 980 3033 lr.
996 2962 1134 3059 Lepon,
1164 2963 1246 3034 Air.
1264 2960 1541 3055 Dairecolcoig,
1576 2957 1811 3055 [Praepositus
1831 2956 1925 3028 Der·

359 3083 486 3176 rensis]
516 3084 746 3158 Muredlraclr
766 3083 1041 3170 aflannacan,
1058 3080 1132 3179 ser
1163 3082 1550 3178 leiginrrAirdmecha,
1587 3080 1798 3174 [Praeleetor
1831 3076 1929 3150 Aru.-

356 3205 573 3297 machanus]
588 3218 758 3304 pausant.
806 3204 1033 3279 Dubdoroch
1049 3228 1126 3276 ozac
1141 3203 1418 3292 Domlmolloin,
1443 3205 1479 3276 ri
1507 3202 1668 3290 Dolon,
1703 3199 1804 3299 [Rex
1832 3199 1926 3271 Der..-

356 3328 520 3418 lasensis]
554 3353 576 3399 a
606 3328 679 3398 suis
712 3325 937 3400 interfectus.
994 3327 1195 3399 Domlmall
1225 3331 1334 3415 cloen,
1369 3326 1405 3397 ri
1427 3324 1558 3420 Leing,
1597 3349 1616 3394 o
1650 3325 1735 3396 herib
1763 3322 1925 3394 Cennrcl:

355 3449 631 3544 [Domhnaldus
647 3475 791 3538 curvus,
823 3451 905 3523 Rex
924 3451 1105 3547 Lageniae,
1127 3477 1147 3523 a
1169 3448 1465 3543 Cennselaehiis]
1492 3449 1635 3521 occisus
1657 3461 1720 3520 est.
1774 3443 1921 3519 Fruitu-

358 3777 378 3807 “
392 3774 527 3861 Ultoniae,
542 3785 642 3835 contra
653 3776 829 3851 Alienigenus
845 3777 985 3847 Dublinii,
999 3797 1069 3855 quos
1083 3776 1231 3836 victoriose
1244 3787 1475 3855 oppugnaverunt
1487 3773 1574 3833 tribus
1588 3774 1684 3831 diebus
1694 3780 1725 3828 et
1737 3770 1878 3842 noctibus,
1892 3766 1922 3828 e‘t

357 3873 523 3946 “aquibus
538 3872 716 3928 abstulerunt
733 3873 842 3929 obsides
859 3873 1013 3938 Hiberniae,
1035 3874 1119 3930 simul
1132 3892 1198 3931 cum
1214 3872 1365 3930 Donnaldo
1386 3873 1473 3940 eloco,
1493 3869 1625 3941 (Lorcani
1642 3868 1712 3936 filio)
1735 3868 1811 3943 Rege
1834 3868 1924 3942 tage·

357 3969 377 3999 ‘⁸
392 3967 455 4035 uiae,
471 3977 501 4025 et
519 3987 584 4025 eum
606 3967 715 4024 Aidirio
732 3968 848 4026 O'Neill
862 3969 1006 4035 similiter;
1028 3975 1107 4027 2000
1121 3969 1236 4026 circiter
1259 3968 1379 4036 obsides,
1404 3986 1468 4024 curu
1496 3968 1580 4022 rebus
1599 3963 1737 4040 pretiosis,
1760 3974 1790 4020 et
1811 3962 1926 4031 divitiis,

359 4064 378 4093 “
394 4072 423 4118 et
435 4063 627 4120 liberaverunt
641 4063 797 4137 Regionem
811 4062 1020 4127 O'Neillorum‚
1035 4082 1052 4119 a
1067 4064 1191 4121 Sinuano
1209 4063 1294 4120 fluvio
1310 4064 1344 4119 ad
1366 4082 1455 4130 mare,
1468 4081 1486 4119 a
1499 4061 1615 4126 tribum,
1630 4067 1658 4115 et
1671 4058 1924 4132 vectigalibus-et

358 4159 377 4188 ⁴⁶
392 4167 472 4223 tunc,
486 4158 709 4230 proclamatione
724 4158 809 4225 facta,
828 4157 1180 4228 ordinaritMaelsecblau,
1195 4159 1350 4216 monitione
1364 4157 1475 4225 illustri,
1489 4164 1520 4214 ut
1536 4154 1655 4211 Hiberni
1667 4172 1763 4210 omnes
1779 4153 1826 4226 qui
1840 4159 1921 4209 erant

356 4253 378 4284 ‘⁴
393 4248 424 4305 in
438 4248 597 4322 regionibus
611 4253 849 4328 Alienigenarum,
868 4255 896 4310 iu
910 4254 1086 4330 captivitate,
1101 4266 1129 4311 et
1142 4255 1284 4323 servitute,
1300 4254 1422 4311 redirent
1435 4254 1470 4310 ad
1485 4252 1612 4326 regiones
1625 4269 1699 4317 suas,
1713 4266 1777 4315 curu
1798 4265 1877 4320 pace,
1892 4255 1922 4301 et

354 4346 377 4380 ¹‘
391 4343 505 4420 gaudio.
548 4345 618 4402 Erat
634 4349 781 4422 captivitas
796 4350 973 4419 Bubilonica,
987 4348 1133 4426 eaptivitas
1146 4350 1212 4417 ista,
1222 4368 1310 4424 usque
1323 4368 1379 4424 quo
1394 4347 1523 4406 liberavit
1535 4365 1583 4403 eos
1598 4341 1803 4408 Maelsaehlan,
1818 4350 1846 4396 et
1858 4350 1921 4397 erat

356 4445 376 4476 '‘
391 4437 539 4516 captivitas
557 4441 718 4511 Temesaea,
741 4443 759 4499 i.
769 4463 794 4500 e.
810 4445 946 4501 secunda.
1000 4444 1101 4500 Amlal
1112 4443 1185 4500 lilius
1201 4443 1295 4501 Sitrici
1310 4444 1359 4500 ivit
1374 4444 1427 4500 hoc
1439 4461 1513 4500 auno
1528 4442 1556 4498 in
1571 4435 1829 4516 peregrinationem,
1841 4434 1922 4509 Hl'0·

357 4538 377 4570 ‘⁴
392 4556 469 4605 nam,
492 4546 522 4593 et
540 4535 589 4603 ibi,
615 4543 677 4610 post
691 4537 893 4612 penitentiam,
912 4551 941 4595 et
955 4541 1042 4596 bonos
1056 4558 1157 4608 mores,
1172 4537 1421 4614 obiit.]-Amlqso
1435 4537 1569 4595 successit
1587 4533 1659 4590 lilius
1679 4527 1846 4595 Glum'rond,
1861 4527 1923 4601 qui,

355 4633 376 4663 ‘⁴
390 4650 464 4688 anno
479 4637 549 4699 983.
566 4633 661 4688 Dauos
678 4633 815 4700 Dublinii,
828 4633 895 4706 Regi
912 4634 1120 4690 Maelsachlino
1134 4633 1295 4701 auxiliares,
1307 4642 1335 4687 et
1345 4635 1467 4710 seipsum
1478 4635 1585 4690 socium
1600 4625 1728 4706 praebuit,
1742 4624 1771 4681 3¹¹
1785 4621 1860 4680 ΜΗΘ
1871 4622 1922 4679 ⁸d“

358 4728 377 4758 “
393 4743 484 4782 versus
495 4724 653 4783 Donoldum
673 4725 768 4796 Cluen,
796 4727 926 4802 Lageniae
938 4728 1055 4803 Regem,
1078 4739 1108 4784 et
1131 4727 1252 4797 luorum,
1282 4728 1422 4801 Regulum
1441 4729 1589 4786 Danorum
1616 4719 1819 4791 Watcrsordia,
1841 4718 1925 4795 cujus

355 4820 376 4855 ‘⁸
389 4818 462 4879 filius
475 4806 614 4883 Patricius
629 4820 658 4878 in
671 4823 724 4883 isto
736 4821 811 4882 bello
824 4821 991 4881 occubuit.'’
1038 4822 1113 4880 Vide
1126 4821 1198 4880 infra
1210 4826 1246 4881 ad
1258 4842 1323 4880 anu.
1333 4828 1403 4894 982.
