4446 6000
369 593 372 599 ,
404 483 503 602 176
776 515 1234 585 annornrronas.
1259 517 1332 581 no
1373 515 1492 582 sac.
1516 512 1650 581 vm.

398 700 552 758 “Claudii
575 699 754 758 Taurinensis
774 700 929 758 sententias
946 700 981 757 de
1005 697 1085 757 cultu
1108 696 1296 772 Imaginum,'’
1318 716 1374 753 non
1398 697 1483 754 semel
1509 698 1614 755 latetur
1628 694 1818 769 Muratorius,
1839 699 1887 777 qui
1900 719 1974 780 prae·

398 814 476 862 terea
492 806 643 881 inquit-‘⁴
658 804 810 861 Hominem
823 805 966 862 eruditum
981 804 1073 871 luisse,
1101 806 1245 879 sacrisque
1266 801 1351 860 etiam
1365 802 1454 860 literis
1468 814 1610 870 ornatum,
1621 812 1652 859 at
1666 802 1749 859 simul
1771 818 1801 862 et
1816 807 1846 862 in
1865 805 1972 865 Gram-

398 907 524 964 maticali
538 907 608 975 soro,
629 925 663 963 ac
680 907 815 965 Prisciani
830 907 939 965 deliciis
961 907 1128 975 enutritum,
1150 916 1183 963 ut
1200 905 1300 980 legenti
1323 904 1736 975 constabit.”(l)-Tractatus
1756 905 1817 979 ejus
1838 906 1873 962 de
1895 907 1974 966 lma-

396 1011 505 1085 ginibas
518 1009 608 1068 editus
621 1019 663 1068 est
676 1011 792 1069 seorsim
813 1017 876 1070 8vo.
891 1030 966 1068 anno
980 1006 1066 1068 1608.
1131 1008 1220 1065 Extat
1232 1008 1318 1063 ctiam
1334 1006 1523 1065 Acrosticbon
1540 1008 1603 1078 ejus
1627 1009 1664 1066 ad
1680 1009 1864 1068 Hildoaldum
1887 1011 1970 1088 Epis·

401 1131 504 1188 copum
522 1112 772 1184 Cameracensem,
786 1115 816 1172 in
836 1114 942 1172 Codice
954 1113 1119 1188 Remigiaao
1140 1111 1218 1188 apud
1242 1110 1454 1178 blabillonium,
1471 1119 1500 1167 et
1517 1111 1646 1186 quiedam
1662 1112 1720 1171 alia
1733 1113 1848 1172 Poetica
1861 1133 1969 1173 memo·

398 1227 496 1274 rantur
514 1233 533 1272 a
549 1215 731 1288 bellarmino,
753 1218 782 1275 in
804 1218 877 1276 libro
898 1219 932 1275 de
956 1217 1145 1293 scriptoribus
1167 1212 1383 1280 aeclesiasticis,
1412 1221 1441 1269 et
1461 1232 1478 1268 a
1498 1213 1660 1285 Possevino,
1680 1215 1710 1273 in
1729 1216 1872 1278 Codicum
1884 1219 1970 1279 MSS.

400 1319 550 1396 Apparatu
563 1336 654 1377 sacro.

462 1492 507 1537 D!
524 1495 786 1539 ACADEMIARUM
804 1496 1023 1540 raalsrausts
1043 1495 1083 1537 ET
1096 1493 1296 1537 TICIMNSIS
1311 1492 1463 1534 outonis
1482 1493 1679 1536 ntnanutco
1696 1495 1830 1540 SECULO
1843 1498 1922 1545 vut.

419 1605 465 1665 Ex
474 1606 612 1666 hactenus
621 1609 714 1679 dictis,
727 1630 781 1668 non
791 1611 859 1668 levis
867 1621 931 1667 orta
939 1618 982 1667 est
990 1608 1111 1684 suspicio
1122 1605 1286 1682 Dangalurn
1298 1604 1475 1682 praedictum,
1486 1606 1666 1682 Discipulum
1677 1608 1760 1665 fuisse
1768 1610 1973 1681 Hibernorum,

400 1709 459 1787 qui,
468 1709 600 1770 hortante
609 1713 713 1771 Carolo
725 1715 842 1791 Magno,
854 1714 1018 1772 Academiis
1028 1711 1174 1769 Parisiensi
1183 1706 1361 1768 etTicinensi
1370 1707 1504 1784 originem
1514 1710 1627 1768 dedere.
1650 1710 1768 1789 Scripsit
1776 1713 1852 1771 enim
1863 1715 1974 1773 Parisiis

399 1813 429 1869 in
439 1813 613 1871 lllonasterio
626 1815 655 1874 S.
667 1817 807 1893 Dionysii,
819 1827 848 1874 et
856 1815 990 1874 Scholam
1000 1814 1085 1884 rexit,
1094 1823 1219 1890 utsupra
1227 1812 1331 1880 notari,
1343 1811 1452 1887 fuitque
1461 1831 1520 1868 aevo
1530 1811 1593 1882 isto,
1603 1812 1709 1872 Schola
1719 1816 1835 1874 celebris
1850 1817 1974 1887 Parisiis,

401 1935 435 1973 ea
449 1916 510 1991 ipsa
521 1916 551 1975 S.
563 1917 704 1995 Dionysii,
719 1931 875 1976 memorata
886 1938 904 1975 a
914 1919 1033 1996 Flcury.
1047 1921 1091 1991 (Q)
1132 1916 1250 1994 Scripsit
1263 1927 1361 1992 postca
1374 1928 1402 1972 et
1414 1915 1547 1973 Scholam
1563 1917 1638 1974 rexit
1650 1917 1750 1985 Ticini,
1768 1930 1797 1975 et
1812 1917 1972 1989 Lothan'aa,

401 2017 430 2076 in
442 2018 651 2095 Capitularibus
674 2020 757 2078 editis
779 2040 815 2078 ex
835 2032 995 2098 pervetusto
1006 2022 1115 2079 Codice
1130 2021 1292 2079 Mutinense
1315 2039 1333 2076 a
1351 2019 1522 2088 Maratorio,
1536 2020 1693 2099 Capitulari
1705 2020 1747 2076 Vl
1760 2019 1807 2077 De
1819 2019 1971 2092 Doctrina,

401 2121 534 2193 decrevit,
544 2126 564 2155 “
573 2135 606 2180 ut
619 2123 648 2180 in
663 2122 762 2201 Papia,
776 2126 945 2183 conveniant
955 2125 990 2182 ad
1000 2123 1162 2200 Dangalum
1176 2123 1211 2179 de
1227 2122 1403 2190 Mediolano,
1422 2123 1457 2179 de
1472 2122 1581 2190 Brixia,
1595 2123 1630 2179 de
1652 2120 1756 2189 Laude,
1771 2121 1805 2177 de
1819 2121 1970 2199 Bergamo,

402 2225 437 2282 de
452 2224 591 2295 Novana,
600 2226 635 2283 de
643 2226 793 2295 Vercellis,
801 2228 836 2286 de
847 2227 967 2286 Cuma.''
984 2231 1028 2300 (3)
1060 2227 1149 2303 Atqui
1157 2227 1233 2286 hunc
1244 2226 1363 2283 eundem
1376 2224 1459 2283 luisse
1468 2223 1627 2301 Dungnlrrm
1640 2222 1852 2293 Hibemensem,
1866 2223 1972 2283 Carolo

407 2329 513 2406 Magno
531 2329 709 2400 familiarem,
722 2350 807 2408 quem
820 2350 907 2408 supra
920 2331 1083 2399 memorari,
1098 2329 1275 2387 Muratoriur
1288 2329 1347 2406 ipse
1359 2329 1472 2387 latetur.
1513 2330 1551 2386 Et
1564 2329 1688 2404 quidem,
1704 2327 1848 2386 Hibernia
1861 2327 1971 2400 doctos,

400 2431 496 2503 fuisse,
519 2433 720 2511 longobardis,
735 2453 770 2492 eo
783 2453 852 2504 aevo,
880 2435 1040 2505 familiares,
1062 2433 1208 2492 manifeste
1235 2444 1349 2491 constat
1364 2453 1401 2491 ex
1416 2432 1496 2490 Arca
1509 2431 1616 2507 lapidea
1638 2451 1703 2507 quae
1716 2432 1871 2491 etiamnum
1892 2442 1974 2492 extat

404 2534 507 2607 Rodiis,
530 2538 559 2595 in
572 2556 629 2612 qua
649 2536 680 2595 S.
692 2535 852 2595 columbani
866 2536 993 2613 reliquiae
1006 2536 1199 2606 continentur,
1214 2547 1292 2595 etex
1314 2540 1392 2594 Arca
1412 2536 1468 2594 alia
1483 2538 1595 2613 lapidea
1608 2535 1632 2592 ei
1648 2536 1788 2611 proxima,
1811 2537 1977 2595 continente

405 2639 537 2715 reliquias
551 2639 581 2697 S.
594 2639 751 2698 Commerui
766 2641 898 2718 Episcopi
923 2639 1192 2708 Hibernenais,cum
1216 2638 1368 2716 Epitaphio
1391 2648 1516 2706 vetusto,
1531 2637 1749 2715 longobardicis
1774 2639 1870 2712 literis,
1894 2641 1973 2716 quod

402 2740 544 2800 Tumbam
556 2743 742 2820 istam,jussu
755 2743 921 2819 Luitprundi
935 2743 1017 2819 Regis
1031 2743 1199 2800 fabricatam
1220 2742 1305 2800 luisse
1318 2751 1447 2799 testatur.

444 2844 617 2904 Succement
630 2846 752 2924 Fleuryo
766 2845 921 2923 Scriptores
935 2847 1033 2917 nostri,
1048 2848 1123 2923 quod
1138 2867 1194 2906 non
1209 2866 1325 2924 parvam
1339 2847 1471 2923 injuriam
1485 2846 1618 2905 Hibernis
1631 2847 1745 2926 irrogat,
1763 2850 1831 2908 dum
1846 2849 1875 2908 in
1886 2849 1975 2911 socie·

404 2955 490 3006 tatem
502 2949 603 3020 laudis,
625 2949 691 3007 solis
707 2950 841 3009 Hibernis
864 2953 901 3008 ob
924 2952 1069 3009 conditam
1094 2953 1278 3009 Academiam
1294 2950 1480 3009 Parisieusem
1495 2950 1606 3021 debitae,
1627 2950 1707 3025 quasi
1725 2951 1821 3027 glorie
1836 2953 1977 3012 Hiberno-

402 3069 465 3110 rum
475 3049 596 3122 invidus,
611 3052 767 3112 Alcuinum
782 3065 812 3110 et
824 3055 905 3126 alios,
917 3055 996 3114 nulla
1007 3056 1091 3113 nixus
1104 3057 1288 3128 auctoritate,
1300 3074 1446 3132 aggregare
1457 3073 1513 3111 non
1530 3052 1679 3111 erubescit.
1710 3054 1751 3110 nt
1765 3053 1843 3112 nulla
1856 3055 1919 3113 talis
1931 3055 1975 3114 in·

397 3155 476 3232 juria
489 3175 507 3214 a
519 3157 749 3235 prestantissima
764 3158 818 3215 isto
829 3158 966 3236 scriptore
983 3158 1077 3216 inferri
1093 3160 1215 3231 videtur,
1230 3159 1312 3234 cujus
1323 3159 1384 3215 baec
1397 3169 1463 3215 sunt
1477 3160 1632 3216 rerba—‘⁴
1644 3154 1738 3215 Outre
1747 3156 1774 3215 le
1784 3156 1838 3214 Roi
1847 3156 1974 3228 Charler,

401 3263 422 3294 “
436 3261 542 3319 Alcuin
552 3261 689 3320 iustruisit
699 3279 803 3318 encore
814 3259 881 3316 dans
891 3261 916 3317 le
925 3259 1028 3316 Palaia.
1063 3261 1154 3319 ,Cette
1164 3262 1243 3320 ecole
1254 3263 1289 3319 du
1304 3261 1396 3320 Palaia
1408 3261 1450 3319 fut
1460 3257 1631 3339 gouvemte,
1645 3280 1726 3340 apres
1735 3262 1852 3333 Alcuin,
1866 3282 1918 3340 par
1936 3281 1976 3321 un

402 3366 422 3396 ‘⁴
437 3363 575 3434 Ecossois,
598 3383 636 3421 ou
650 3362 745 3440 plutot
759 3361 897 3420 lrlandois
911 3381 1023 3420 nomme
1033 3344 1323 3442 Clement.''-Itaque
1337 3384 1392 3423 non
1407 3365 1464 3442 agit
1477 3365 1531 3424 Vir
1540 3365 1641 3424 doctus
1653 3366 1690 3424 de
1703 3365 1860 3424 Academia
1873 3363 1976 3424 Parisi-

402 3483 478 3535 ense,
493 3467 542 3524 sed
556 3466 591 3522 de
603 3464 705 3523 Schola
715 3464 857 3536 Palatino,
879 3465 962 3538 cujus
974 3467 1115 3525 Alcuinus
1134 3467 1187 3524 tuit
1205 3469 1358 3535 institutor,
1383 3479 1411 3527 et
1426 3470 1556 3540 Hiberni,
1569 3479 1633 3546 post
1645 3468 1810 3537 Alcuinurn,
1825 3468 1973 3538 Rectores,

404 3569 439 3627 de
461 3589 517 3647 qua
534 3571 591 3646 ipse
608 3569 711 3647 Fleury
733 3569 837 3627 ibidem
860 3570 1010 3645 inquit-“
1023 3570 1047 3627 ll
1067 3580 1110 3629 est
1129 3591 1147 3627 a
1161 3572 1252 3629 croire
1272 3574 1321 3650 qu'
1339 3573 1396 3632 elle
1416 3575 1487 3633 etoit
1505 3570 1560 3632 liae
1574 3591 1592 3631 a
1608 3571 1665 3629 Aa
1678 3570 1705 3627 la
1720 3567 1856 3645 chapelle,
1879 3569 1974 3644 sejour

403 3670 543 3731 ordinaire
556 3672 605 3730 des
616 3671 713 3732 Rois.”
736 3672 774 3729 Et
787 3671 912 3747 quidem,
934 3673 1087 3732 Alcuinum
1103 3675 1236 3734 Scholarn
1253 3677 1357 3735 rexisse
1372 3677 1493 3747 Parisiis,
1514 3693 1651 3753 nusquam
1665 3682 1804 3732 terrarum
1821 3671 1975 3732 invenitur.

406 3772 513 3833 Passim
537 3775 646 3834 indicat
670 3776 699 3833 in
726 3773 869 3852 Operibus
890 3776 957 3848 suis,
981 3797 1010 3836 se
1032 3778 1166 3838 Scholam
1190 3783 1298 3840 rexisse
1317 3780 1425 3839 Palatii
1435 3779 1531 3856 Regii,
1555 3788 1589 3838 ut
1610 3777 1638 3836 in
1654 3777 1783 3853 Epistola
1797 3783 1847 3845 93,
1867 3786 1897 3834 et
1919 3774 1977 3833 Tu·

404 3880 489 3951 ranis,
513 3888 545 3938 ut
568 3880 597 3938 in
623 3879 812 3956 Epistulam,
831 3879 878 3936 sed
902 3881 1000 3940 nullibi
1017 3884 1211 3944 Parisiensem.
1253 3885 1371 3943 Natalia
1390 3883 1557 3953 Alexander,
1575 3882 1604 3939 ia
1628 3882 1725 3939 Rebus
1745 3880 1847 3938 Patriis
1857 3879 1978 3938 Gallicis

401 3982 595 4058 peritissimus,
605 3992 633 4040 et
643 3983 750 4042 Critico
761 3983 894 4042 acumine
905 3985 1115 4058 celeberrimas,
1127 3993 1147 4021 ‘⁸
1160 3988 1283 4057 Parisiis,
1293 3986 1395 4065 inquit,
1410 3985 1553 4064 publicam
1564 3984 1692 4043 scholam
1705 3986 1882 4044 moderatum
1896 3983 1979 4042 luisse

403 4085 568 4155 Alcuinurn,
606 4098 635 4144 et
656 4087 819 4146 Academica
840 4087 1000 4147 Parisiensis
1016 4089 1120 4164 jecisse
1139 4090 1332 4160 fundamenta,
1339 4088 1443 4166 sabula
1467 4097 1518 4158 ert,
1541 4089 1604 4163 ejus
1643 4087 1683 4162 [ct
1702 4088 1842 4164 omniurn]
1864 4089 1976 4146 silentio

407 4186 558 4245 conficta.''
592 4191 772 4264 (4)-Porro
786 4192 927 4252 Alcuinus
941 4195 1009 4275 ipse,
1033 4197 1069 4253 de
1084 4194 1221 4253 Clemente
1234 4196 1364 4254 Hiberna
1374 4194 1423 4272 qui
1434 4194 1568 4253 Scholam
1590 4193 1664 4251 rexit
1685 4192 1853 4262 Palatinam,
1876 4191 1934 4266 agit
1946 4193 1976 4250 in

420 4481 464 4545 (1)
481 4482 601 4531 Mummi
610 4478 668 4528 Rer-
682 4481 871 4546 1ts1·Script.T.
883 4494 906 4544 1,
920 4499 987 4552 pana
1000 4493 1249 4550 attenuatius,
1262 4497 1352 4556 pus,
1367 4495 1392 4540 a.

420 4566 464 4627 (2)
482 4563 569 4627 Fleary
580 4561 644 4610 Hist·
655 4567 705 4616 tx,
713 4560 730 4609 l·
743 4564 783 4619 45,
796 4579 820 4611 n.
830 4568 868 4620 18,
881 4581 905 4627 p.
913 4572 953 4623 29,
974 4579 999 4617 at
1011 4570 1163 4636 Pristlegtam
1173 4573 1348 4636 Dionysiorum,
1366 4588 1411 4620 are
1421 4573 1529 4628 iubam,
1541 4589 1556 4620 a
1567 4570 1690 4621 ctbdweo
1698 4581 1836 4616 mnoeasam
1845 4581 1908 4616 anno
1919 4569 1977 4625 653,

419 4643 509 4691 editum
529 4659 544 4690 a
555 4641 706 4698 illabillonio,
728 4640 765 4690 Dc
777 4641 812 4692 Rc
823 4643 924 4705 Diplom.
937 4646 955 4694 Ι.
963 4649 987 4695 5.
1021 4648 1093 4696 Extat
1104 4651 1175 4698 etiam
1187 4651 1211 4698 in
1222 4652 1334 4716 Marcalli
1346 4652 1363 4698 l.
1372 4657 1395 4706 1,
1407 4667 1428 4700 c.
1436 4656 1460 4700 2.

420 4723 462 4783 (3)
479 4723 551 4787 Leges
564 4723 708 4787 megrana
719 4722 778 4770 edit.
791 4723 930 4779 Muratorii,
942 4725 967 4772 in
980 4723 1039 4774 Rer.
1048 4726 1140 4776 Ital.T.
1150 4735 1171 4783 1,
1184 4734 1275 4792 parat,
1287 4745 1342 4792 pag.
1352 4733 1407 4786 1⁵1,
1418 4739 1444 4778 et
1454 4736 1478 4780 2.

420 4797 463 4860 (4)
480 4800 572 4850 Natalis
582 4804 713 4852 absander
723 4801 785 4854 urar.
794 4812 812 4853 t.
823 4820 847 4860 v,
855 4803 915 4853 Sec.
925 4805 975 4860 viii,
987 4819 1010 4866 p.
1022 4809 1080 4859 684,
1091 4805 1140 4854 Fol.
1153 4807 1228 4861 Paris.
1241 4811 1312 4856 1699.
1357 4809 1462 4859 Andreas
1472 4811 1505 4858 da
1515 4811 1602 4860 eterne
1613 4808 1742 4860 alcuinum
1753 4821 1873 4874 nunquam
1886 4805 1980 4856 Parisiis

416 4879 535 4938 decurre,
545 4880 682 4934 inconcusse
692 4882 838 4936 demournat
846 4884 871 4935 iu
882 4884 978 4936 Pralat.
988 4884 1019 4934 ad
1029 4884 1111 4949 Opera
1122 4884 1218 4935 Alesiai
1229 4885 1276 4937 No.
1289 4891 1328 4936 14.

715 5122 726 5151 Ι
