4446 6000
321 575 395 685 94,
756 609 1021 674 Anninus
1059 606 1462 675 trunonrnnsns.

318 786 531 877 Eachaclrii‚
552 800 590 862 et
604 785 776 887 ‘Liberius
794 789 920 862 Abbas
940 786 1213 885 Maghbilensis
1232 799 1400 861 mortuus
1418 784 1501 881 ost]
1519 796 1557 862 et
1573 796 1709 865 ventus
1725 792 1899 895 mugnus.

321 909 506 986 Dimersio
523 910 661 987 familie
679 914 761 989 Jue.
797 914 901 987 Mors
926 912 1073 987 Conaill
1088 912 1245 985 Abbatis
1264 914 1299 985 Τ
1295 937 1378 986 uum
1394 913 1533 1008 greine.
1569 912 1805 1007 [Monosterii
1823 923 1904 997 col·

320 1033 364 1106 iis
383 1035 503 1127 Solis]
521 1036 560 1109 N
564 1061 648 1109 aves
668 1036 705 1111 in
724 1062 804 1111 aere
821 1038 899 1110 vise
916 1050 1014 1125 sunt,
1037 1062 1122 1110 eum
1154 1037 1230 1109 suis
1247 1036 1345 1125 viris,
1366 1061 1404 1109 os
1421 1038 1479 1111 cin
1497 1037 1644 1113 Cluana
1670 1066 1748 1116 mac
1765 1046 1901 1123 cuneis.

318 1158 443 1256 [supra
457 1159 726 1234 Mouasterium
746 1161 900 1234 Cluanae
918 1186 1000 1234 mac
1018 1158 1127 1251 nois]
1144 1162 1204 1255 (l)

319 1283 387 1358 Hit.
413 1285 491 1367 φη
507 1286 543 1367 51
561 1285 608 1370 it.
637 1284 1010 1374 CombustioFobari,
1032 1296 1069 1358 et
1086 1283 1295 1357 combustio
1313 1283 1527 1385 Dominoig
1546 1286 1725 1387 Patrnig.
1744 1290 1900 1387 [Donn-

315 1406 463 1510 patric]
515 1409 618 1482 Mors
635 1408 862 1482 Somlrarlicli
881 1407 1054 1507 Episcopi
1073 1406 1218 1480 Fobuir.
1255 1407 1373 1493 Quies
1392 1407 1584 1509 Congusso
1602 1412 1779 1513 Episcopi
1797 1416 1900 1491 Arct-

315 1553 423 1609 urace.
459 1532 534 1605 Bel.
557 1534 650 1606 Cato
668 1534 740 1623 hic,
760 1533 946 1628 [Prmlium
967 1532 1078 1625 Cato]
1102 1531 1198 1604 inter
1216 1531 1380 1606 Pictores
1403 1534 1561 1629 [Pictos]
1585 1552 1623 1610 et
1641 1538 1838 1629 Brittones,
1859 1540 1901 1615 in

315 1677 390 1750 quo
408 1656 546 1730 cecidit
564 1659 599 1730 T
593 1661 751 1754 alorgon
769 1657 866 1728 silius
886 1654 1071 1752 Fergussn
1088 1654 1201 1728 frater
1219 1656 1403 1754 Oengnsn.
1475 1659 1580 1732 Mors
1600 1660 1752 1736 cattoit
1767 1663 1901 1739 Main-

315 1779 431 1874 mnigi
449 1778 564 1876 Regis
582 1792 758 1878 nepotum
777 1778 919 1852 Mnine.
973 1780 1107 1852 Aninis
1124 1778 1310 1852 deseritur.
1348 1782 1452 1855 Mors
1471 1785 1546 1857 Aoi
1563 1786 1677 1861 Cnire
1696 1786 1900 1862 &lle-duro

317 1898 574 1993 Kildarensis]
625 1902 729 1974 Mors
746 1901 965 1999 Corimrpnig
980 1901 1043 1974 filii
1063 1901 1215 1990 Celinin,
1236 1903 1394 1978 Abbatis
1420 1908 1746 1984 &Hemone-einim
1792 1910 1899 1987 Mors

318 2016 539 2097 Curidinoisc
552 2025 697 2123 nepotis
715 2025 897 2123 Fergnsso
916 2028 975 2099 dio
993 2026 1054 2098 nib
1072 2025 1286 2101 Fiacnracn.
1332 2028 1515 2126 [Fergusii
1535 2032 1581 2105 de
1596 2032 1661 2129 Hy
1679 2030 1900 2105 Fiachroeh·

314 2143 391 2238 iis]
452 2147 647 2245 Jugulatio
683 2148 886 2223 Fiachiucli
915 2148 979 2222 filii
1000 2148 1127 2224 Aileni
1145 2151 1241 2247 regis
1259 2151 1520 2247 Magnenti-ne,
1555 2165 1593 2227 et
1626 2155 1799 2228 Breusuil
1831 2154 1900 2231 filii

318 2268 419 2343 Aedo
437 2271 548 2357 Roirr,
570 2287 608 2345 et
622 2273 835 2370 Aitbefloto
854 2272 1038 2369 Oengusu.
1097 2272 1217 2367 [Atbii
1236 2274 1343 2346 (lucis
1362 2276 1576 2373 Ocngusii.]
1607 2276 1711 2351 Mors
1728 2278 1898 2352 Duibda·

320 2391 423 2465 Icitlii
440 2392 597 2468 Abbatis
618 2396 833 2470 Gillo-scire.
869 2398 965 2471 Mum
982 2396 1030 2471 N
1029 2396 1203 2470 emlinoill
1215 2396 1341 2470 Abbas
1359 2399 1479 2473 Biror
1502 2399 1714 2496 [Birrensis]
1737 2400 1901 2481 moritur.

317 2509 422 2586 Mors
442 2515 679 2617 Conconrtaig
697 2519 761 2591 filii
781 2520 944 2617 Moinig.

316 2637 385 2715 stit.
413 2634 531 2715 utel.
601 2640 705 2713 Mors
723 2639 860 2715 Flainn
895 2642 1038 2742 nepotis
1067 2642 1244 2741 Congnile
1263 2644 1376 2742 Regis
1394 2654 1571 2744 nepotum
1597 2642 1736 2741 Fuilgi.
1791 2644 1898 2719 Mors

316 2752 484 2853 Pergase
501 2762 568 2835 filii
595 2763 800 2864 Fugertoig
818 2765 914 2863 regis
942 2767 1096 2839 deiecird
1123 2770 1238 2864 Breg.
1263 2768 1447 2861 [australis
1467 2766 1639 2865 Bregioe.]
1677 2767 1899 2847 Combustio

315 2878 506 2959 Lctlciarle
524 2886 671 2961 Cluoraeo
689 2890 809 2965 iraird
824 2890 862 2963 iu
881 2888 1043 2963 bullonio.
1073 2888 1236 2985 [dimidii
1267 2890 1498 2963 collectionis
1529 2892 1655 2965 messis
1673 2890 1898 2969 Monosterii

316 3079 1891 3109 m*

319 3207 338 3237 ‘⁸
362 3205 414 3262 trin
442 3206 541 3265 millia.
582 3207 654 3263 indo
674 3206 899 3265 B.Wondilocus
922 3208 951 3263 in
974 3205 1185 3281 predicationis
1209 3204 1394 3263 ministerium
1416 3225 1435 3262 a
1456 3204 1654 3283 B.Comogil!o
1681 3206 1781 3265 missus
1801 3218 1898 3279 est‚et

316 3304 336 3333 ⁴‘
359 3298 395 3357 B.
411 3299 590 3358 Columbonus
604 3302 731 3376 portibus
747 3302 908 3358 Galliarum
922 3300 1078 3359 destinatus
1091 3311 1135 3359 est
1148 3300 1309 3359 Luxovium
1325 3302 1545 3367 Monostorium,
1568 3312 1599 3359 et
1608 3301 1713 3359 ibidem
1725 3304 1818 3379 ipsum
1832 3322 1898 3362 eur·

315 3400 336 3430 “
358 3414 419 3455 sum
434 3397 684 3454 decantaverunt?
725 3397 802 3452 Beda
819 3396 976 3453 testotan.
988 3395 1137 3455 Columbae
1150 3396 1326 3453 Monusteria
1348 3396 1378 3452 in
1403 3396 1541 3453 Hibernia
1562 3406 1592 3454 ct
1611 3398 1639 3453 iu
1654 3398 1811 3465 Britannis,
1832 3416 1897 3473 quae

316 3493 412 3548 omnia
425 3512 443 3548 a
464 3497 484 3527 “
495 3492 586 3565 primo
599 3491 688 3548 Putre
699 3490 841 3567 Corngullo
855 3489 1057 3547 Bcuchorensl'
1081 3491 1216 3565 originem
1243 3491 1377 3560 habuere,
1403 3493 1487 3549 unius
1510 3493 1630 3550 instituti
1647 3493 1760 3567 Regulis
1777 3492 1893 3553 subdita

316 3586 410 3656 fuisse,
425 3608 465 3645 ex
477 3587 560 3659 cujus
580 3588 700 3662 collegio
724 3587 805 3663 primi
826 3580 1066 3643 Lindisfsrnenses
1082 3586 1225 3665 Episcopi,
1247 3590 1382 3653 Abbotes,
1397 3598 1426 3643 et
1442 3588 1581 3645 Monachi
1603 3588 1780 3663 prodierunt.
1821 3586 1894 3649 Rea.

315 3684 335 3741 l.
347 3692 376 3751 3,
390 3704 416 3742 c.
432 3694 461 3751 4,
474 3691 503 3749 5,
515 3680 565 3751 uo,
579 3696 607 3739 et
622 3682 747 3740 Dissert.
762 3682 883 3738 Pruliru.
898 3683 932 3737 do
945 3680 1025 3755 Orig.
1035 3682 1154 3740 Literni.
1169 3683 1244 3739 inter
1258 3682 1522 3757 Nordonhymbros.

312 3780 377 3839 Jnm
391 3799 457 3837 rem
473 3780 540 3836 (iul.
556 3778 807 3835 ,iiulmesburiensis
821 3777 912 3852 inquit
927 3774 1097 3853 Wilsridunr,
1112 3777 1236 3834 Primum
1251 3780 1398 3834 Saxonum
1414 3778 1461 3852 qui
1480 3778 1738 3837 Lindissnrnensem
1753 3776 1828 3834 rexit
1842 3778 1899 3837 Ee·

314 3876 439 3943 clesiom,
453 3876 578 3953 expulsis
591 3876 656 3931 inde
672 3874 813 3942 Hibernis,
834 3879 854 3906 ‘⁶
865 3876 984 3947 primum
997 3874 1035 3931 ibi
1048 3872 1080 3931 S.
1094 3874 1237 3931 Benedicti
1251 3873 1386 3947 Regulum
1403 3892 1421 3930 o
1441 3872 1589 3932 otmar-tis
1602 3873 1743 3931 viserem-i
1752 3872 1901 3948 jussisse?

314 3972 536 4031 viil..-t1‹1tm‹·.n›.
551 3974 585 4028 tle
600 3972 695 4029 Gestis
708 3970 812 4029 Pontii.
822 3969 941 4045 Anglor.
952 3969 971 4026 l.
982 3976 1012 4037 3,
1022 3970 1168 4028 etConicr
1180 3968 1305 4026 Dissert.
1319 3968 1441 4026 Prelim.
1480 3970 1525 4023 De
1535 3969 1655 4044 Origine
1664 3969 1810 4027 literarum
1827 3969 1902 4026 inter

315 4067 694 4145 Nordunhymbros-llaec
709 4068 775 4125 sntis
786 4084 924 4145 superque
942 4066 1137 4125 demonstrant
1149 4083 1234 4139 quum
1247 4064 1337 4121 innuis
1363 4064 1400 4119 sit
1420 4062 1688 4139 Augustiuiunurnm
1702 4064 1899 4132 Eremitnm,

313 4175 347 4218 ct
368 4162 759 4232 Beris-dictionumsententia,
787 4180 929 4238 spiramque
951 4160 1104 4237 spropriis
1127 4162 1318 4217 monumentis
1336 4160 1439 4217 aliens.
1482 4158 1527 4214 De
1540 4158 1752 4215 Cunonieorum
1774 4156 1899 4230 Regulu-

315 4258 388 4313 rium
410 4274 465 4311 non
480 4257 581 4317 minori
599 4279 692 4316 errore
709 4262 772 4317 side
785 4274 867 4321 notos
882 4258 917 4315 ad
933 4277 1022 4314 annos
1036 4253 1106 4326 756,
1120 4268 1150 4314 et
1163 4260 1233 4327 777,
1258 4256 1336 4315 unde.
1358 4254 1505 4311 liibcrniae
1522 4252 1682 4311 Monuehos
1705 4249 1748 4305 his
1768 4248 1900 4307 omnibus

316 4350 493 4426 aritiquiores
507 4370 568 4425 esse
580 4356 695 4426 piotobit.

317 4452 364 4517 (l)
391 4449 430 4503 ii'
442 4445 581 4520 ,trogo-iri·
595 4446 629 4501 ud
644 4464 709 4506 arro.
721 4452 792 4514 743,
806 4468 952 4510 aeraecom.
966 4448 1197 4516 749.-·“.·1trcs
1209 4445 1360 4523 goserreil
1370 4443 1488 4518 loingius
1498 4442 1550 4498 isin
1565 4460 1615 4498 aer
1625 4458 1674 4496 eon
1690 4435 1828 4514 ubsoirm'b
1842 4436 1898 4495 itin

314 4542 522 4603 nrhliodlruius?
553 4539 629 4621 [siser
642 4551 708 4596 suut
719 4541 865 4598 trinnifcste
879 4562 961 4599 naves
976 4544 1004 4597 in
1019 4562 1084 4599 uere
1099 4563 1164 4600 cum
1180 4544 1236 4597 suis
1251 4541 1344 4597 intutis
1358 4541 1411 4597 hoe
1425 4538 1525 4613 anno]

317 4643 382 4699 Non
405 4642 496 4699 solum
513 4640 549 4695 nb
561 4635 693 4712 sirtiquis,
719 4636 766 4691 sed
783 4634 868 4691 etiam
893 4656 911 4691 o
933 4638 1057 4693 melioris
1080 4653 1155 4696 norm
1178 4636 1380 4693 recemioribus
1395 4636 1437 4690 hu*¹
1448 4632 1640 4710 apparitiones·
1652 4628 1693 4685 ito
1704 4636 1899 4698 recensentur,

313 4749 346 4793 ut
359 4739 393 4791 dc
410 4756 509 4793 eurum
521 4734 638 4790 i‘critute.
651 4731 760 4790 nullum
775 4732 863 4807 possit
873 4731 990 4786 dubium
1006 4733 1120 4788 exoriri.
1133 4736 1152 4765 “
1169 4734 1319 4787 Accrcbbc
1342 4731 1359 4785 ii
1384 4746 1489 4788 terrore
1503 4728 1575 4802 degli
1590 4725 1714 4803 imperiti
1734 4742 1792 4780 unu
1802 4724 1899 4799 prodi·

315 4836 335 4865 ⁶⁶
351 4832 428 4903 giosu
442 4850 601 4909 nppureoza
614 4829 677 4893 che,
689 4830 766 4886 nella
780 4830 837 4885 tine
851 4827 926 4884 deiln
942 4826 1063 4901 pinguis,
1077 4845 1202 4901 appnrec
1217 4825 1244 4879 io
1259 4844 1353 4880 menso
1368 4826 1395 4881 ul
1411 4825 1495 4892 eicio,
1511 4824 1666 4899 pereioehe
1682 4824 1783 4878 turono
1803 4816 1898 4873 veduti

315 4932 334 4964 ¹⁶
350 4926 405 4981 due
418 4926 579 4999 grossissimi
594 4925 716 4992 esereiti,
728 4924 791 4982 tinti
807 4922 935 4979 rii-colori
952 4920 1018 4977 rossi
1033 4919 1213 4995 esnngnigni,
1228 4932 1271 4976 trs
1286 4921 1470 4994 grandissimo
1484 4918 1600 4994 stis-pito
1610 4918 1639 4977 di
1653 4917 1744 4989 tuoni,
1754 4909 1899 4981 auzufl'mi

314 5023 333 5060 ‘⁶
349 5021 536 5085 risibiluisntc
551 5020 616 5080 neu'
631 5020 720 5080 urio.''
742 5020 849 5081 novin
864 5020 978 5079 Guerre
992 5016 1074 5073 Civili
1089 5028 1111 5079 t.
1123 5022 1152 5087 2,
1167 5035 1194 5095 p.
1213 5012 1279 5086 116,
1295 5016 1386 5075 Istud.
1402 5020 1488 5079 1755.
