4446 6000
419 543 488 646 56
704 530 708 537 ’
863 575 1120 642 innatas
1162 571 1554 641 osronmnsns.

419 783 581 880 Corrraig
598 781 663 856 lilii
695 779 902 872 Diormoto,
936 806 1013 856 mec
1042 781 1142 856 Aedo
1159 779 1291 871 Slnr'nc,
1324 805 1380 854 mc
1410 764 1617 858 Diormcdo
1651 781 1906 880 Cirrseoilecclr,
1937 814 1996 867 mc

419 906 567 980 Concill
583 903 820 993 Crimtlrnine,
833 901 888 999 (l)
902 917 941 977 et
955 917 1172 977 terremotus
1189 902 1228 976 in
1245 902 1447 994 Britannia,
1469 915 1506 978 et
1522 904 1675 1001 Congan
1689 930 1769 981 mac
1785 908 1989 1004 Coitenrmc,
2044 898 2047 903 ⁵

417 1043 456 1102 et
487 1029 627 1102 Berocc
652 1026 777 1101 Abbas
809 1027 1004 1116 Bencltoir,
1025 1027 1144 1101 Recta
1164 1049 1218 1098 mc
1236 1025 1473 1100 Cucormaicc
1488 1026 1613 1101 Abbas
1645 1028 1788 1104 Cluooo
1806 1032 1991 1111 obierunt.

418 1151 464 1225 In
494 1148 637 1247 Campo
679 1151 743 1224 Ito
759 1146 912 1248 socoirt
941 1150 1080 1224 exarsit
1109 1149 1313 1222 mortalitas
1330 1147 1450 1247 primo
1467 1150 1506 1222 in
1535 1149 1725 1240 Hibernia,
1747 1166 1906 1230 amorte
1920 1154 1991 1229 Pa·

417 1271 515 1345 trieii
527 1295 570 1346 cc
587 1272 637 1347 iii.
658 1272 716 1368 (2)
748 1272 871 1347 Prima
886 1273 1092 1347 mortalitas
1108 1298 1129 1347 c
1148 1272 1212 1345 xii.
1268 1270 1438 1346 Ccollnclr
1453 1295 1531 1345 mac
1546 1271 1736 1346 Mocleobo
1749 1274 1917 1368 moritur,
1934 1301 1992 1354 se·

418 1394 584 1475 cundum
601 1397 714 1470 alium
734 1396 878 1470 librum.
1171 1473 1173 1478 ,

417 1520 487 1602 fida
512 1517 572 1595 ωε
589 1521 624 1602 lt
640 1521 692 1598 ἰὴ.
747 1518 831 1592 Kal.
848 1517 933 1592 Jan.
947 1517 995 1589 iv.
1007 1516 1072 1592 fer.
1086 1519 1166 1593 lun.
1185 1517 1261 1592 viii.
1306 1517 1518 1591 Mortalitas
1547 1542 1696 1616 magna.
1726 1519 1919 1598 Diarrnoit
1935 1547 1994 1599 mc

418 1645 518 1718 Aedo
531 1643 663 1730 Slaine,
678 1652 715 1714 et
729 1639 1225 1727 Blotbmac,etMoelbresnil
1239 1641 1306 1715 filii
1321 1642 1483 1715 Moeldis
1499 1643 1639 1715 mortui
1657 1656 1755 1718 sunt.
1786 1644 1903 1720 Ultori
1913 1672 1995 1724 mac

417 1769 573 1862 Corrago
590 1763 714 1837 Abbas
729 1764 870 1839 Ctuono
884 1763 1025 1838 Iraird.
1066 1761 1292 1836 Dormitatio
1310 1763 1439 1838 Feceor‘
1457 1762 1605 1838 Faloir.
1664 1766 1815 1859 [Feccni
1832 1770 1993 1846 Abbatis

415 1883 643 1991 Fabarensis]
660 1899 698 1959 et
716 1885 874 1958 Alerooi
891 1884 1074 1983 sapientis,
1094 1898 1133 1958 et
1148 1885 1310 1966 Cernoin
1326 1886 1391 1960 filii
1407 1888 1511 1963 Siloi.
1546 1891 1800 1982 Cncenmotor,
1819 1919 1898 1968 moe
1915 1896 1988 1972 Co·

420 2013 524 2101 thail,
538 2009 736 2099 chedleo,
751 2033 805 2082 orc
823 2007 988 2097 Coirbre,
1004 2031 1059 2083 orc
1074 2007 1294 2097 Crimtbor'n,
1312 2011 1348 2083 ri
1354 2012 1515 2086 Mummi
1532 2013 1698 2087 moritur.
1711 2014 1770 2112 (3)
1785 2015 1899 2090 Bloio
1912 2042 1990 2092 moe

417 2133 580 2223 Tollebat,
597 2131 747 2229 Oengus
763 2131 803 2204 U
801 2133 865 2219 lot,
886 2130 1074 2204 dloeocan
1090 2129 1187 2220 Len,
1210 2129 1397 2231 Episcopi,
1416 2145 1454 2205 et
1472 2134 1646 2225 Abbates‚
1664 2149 1703 2209 et
1726 2137 1788 2212 alii
1818 2140 1988 2216 innume·

417 2256 546 2331 rabiles
561 2255 698 2328 mortui
714 2265 811 2353 sunt.
851 2253 1002 2327 Colman
1019 2252 1115 2344 Cois,
1133 2251 1259 2327 Abbas
1275 2254 1420 2329 Cluana
1438 2281 1515 2330 ozac
1532 2259 1620 2349 noir,
1643 2258 1833 2336 Cummeni
1861 2262 1993 2338 Abbas

418 2382 539 2459 Cluen
558 2380 693 2456 iconis
723 2378 962 2451 dormierunt

1968 2630 1989 2669 ο

419 2703 465 2773 (1)
484 2701 541 2760 Hae
553 2701 616 2758 duae
630 2700 739 2758 ultimae
752 2699 948 2774 generationes
958 2697 1062 2758 desunt
1076 2697 1104 2756 in
1113 2698 1184 2756 Cod.
1199 2698 1365 2768 Bodleiano,
1381 2709 1482 2758 extant
1494 2699 1523 2758 in
1537 2701 1655 2759 caeteris.

415 2799 461 2870 (2)
486 2796 533 2878 De
553 2794 708 2853 Annalium
734 2806 894 2851 nostrorum
908 2792 1111 2852 Numeralibus
1130 2795 1193 2853 vide
1217 2804 1299 2852 notas
1313 2794 1350 2851 ad
1374 2811 1464 2852 annos
1492 2801 1560 2864 518,
1576 2802 1645 2865 552,
1659 2805 1688 2855 et
1713 2801 1782 2862 570.
1826 2800 1900 2861 Item
1924 2822 1990 2866 ann.

417 2898 487 2963 693,
509 2893 607 2969 quoS.
621 2891 761 2950 Patricius
776 2890 856 2960 obiit,
870 2898 899 2946 et
912 2888 1036 2947 Dissert.
1050 2888 1172 2949 Prelio.
1216 2890 1262 2947 De
1277 2889 1450 2950 mortalitate
1460 2891 1499 2950 V.
1513 2891 1618 2950 Bedonr
1631 2893 1650 2951 1.
1661 2900 1729 2962 3,c.
1744 2900 1794 2965 27,
1808 2898 1890 2972 cujus
1902 2902 1991 2959 verba

415 2988 541 3048 notanda
553 2999 619 3046 sunt
639 2995 660 3020 ‘¹
673 2988 743 3044 llaec
756 2987 842 3064 plaga
860 2986 1029 3044 Hiberniam
1043 3005 1158 3063 quoque
1171 2986 1294 3044 insulam
1304 2987 1367 3063 pari
1380 2986 1464 3045 clade
1474 2990 1630 3063 premebat.
1655 2989 1744 3046 Erant
1753 2991 1857 3048 ibidem
1870 3012 1905 3050 eo
1919 3006 1991 3054 tem-

412 3086 433 3118 '⁶
451 3104 529 3161 pore,
539 3084 763 3155 multinodiliurn,
772 3083 854 3142 simul
864 3091 893 3139 et
902 3081 1087 3140 mediocrium
1097 3081 1133 3138 de
1150 3091 1232 3157 gente
1246 3081 1415 3157 Anglorum,
1425 3081 1474 3157 qui
1487 3081 1723 3159 temporeFmoni
1735 3092 1764 3140 et
1775 3081 1898 3143 Colmoni
1907 3088 1991 3164 Epis-

330 3175 336 3187 '
413 3183 434 3214 ‘⁴
447 3199 595 3256 coporum,
607 3181 705 3237 relicta
713 3179 806 3236 insula
818 3179 922 3248 Patria,
934 3176 981 3235 vel
996 3177 1106 3233 Divinae
1116 3177 1258 3246 lectionis,
1270 3177 1313 3234 vel
1328 3176 1540 3235 continentioris
1552 3176 1617 3235 vitae
1630 3177 1721 3253 gratia
1741 3177 1791 3235 illo
1803 3196 1993 3243 secesserunt,

414 3275 436 3307 ⁸‘
450 3287 478 3332 et
491 3274 605 3351 quidam
619 3274 733 3351 quidem
747 3292 853 3331 moxse
864 3272 1032 3330 Monastieae
1041 3273 1246 3330 conversationi
1257 3273 1379 3332 fideliter
1389 3272 1632 3348 mancipaverunt,
1646 3272 1696 3330 alii
1708 3274 1798 3350 magis
1810 3275 1991 3336 circurneun-

415 3372 436 3403 '‘
451 3370 488 3425 do
496 3388 549 3444 per
562 3370 654 3433 cellos,
664 3368 868 3444 Magistrorom
883 3368 994 3426 lectioni
1001 3386 1109 3442 operam
1123 3368 1190 3425 dore
1198 3368 1364 3445 gaudebant,
1376 3387 1442 3444 qnos
1452 3388 1540 3426 omnes
1554 3366 1645 3425 Scotti
1656 3367 1830 3427 dominnm
1842 3373 1996 3448 susipica-

409 3463 435 3517 θ
450 3473 502 3534 ter,
515 3465 615 3521 victum
626 3465 664 3520 ris
677 3463 863 3539 quotidianum
882 3464 939 3522 aine
949 3465 1059 3539 pretio,
1073 3463 1155 3530 libror
1178 3483 1280 3538 qnoque
1290 3464 1328 3521 od
1339 3464 1489 3539 legendum,
1499 3471 1527 3521 et
1537 3462 1736 3539 Mogirtcrirrm
1743 3465 1898 3540 gratuitum
1909 3486 1984 3541 proe·

415 3553 437 3592 ⁶⁴
448 3561 507 3616 dere
527 3560 669 3618 curabant.
692 3560 782 3617 Erant
791 3559 862 3618 inter
872 3560 923 3619 bos
937 3558 1123 3634 ddojuvenes
1137 3562 1171 3618 de
1185 3559 1327 3616 nobilibus
1336 3559 1505 3634 Anglorum,
1517 3559 1654 3617 Aedillon
1664 3570 1693 3617 et
1704 3558 1849 3636 Ecgberet,
1860 3580 1985 3637 quorum

417 3650 435 3688 '⁴
448 3657 525 3732 prior
538 3656 623 3712 irater
636 3658 690 3713 luit
704 3656 853 3725 Aediloim,
876 3657 923 3733 qui
937 3669 967 3716 et
983 3657 1043 3734 ipsc
1060 3673 1126 3725 ,aevo
1139 3666 1273 3732 sequente
1287 3654 1450 3711 Hiberniam
1462 3655 1560 3729 gratio
1581 3655 1689 3730 legendi
1712 3655 1792 3726 adiit,
1812 3666 1841 3714 et
1863 3659 1935 3717 benc
1946 3659 1990 3717 in-

416 3756 437 3786 “
450 3763 572 3814 structus
583 3752 702 3828 patriam
714 3751 806 3823 rediit,
818 3763 903 3829 atque
917 3752 974 3830 Eps
990 3754 1019 3810 in
1034 3753 1115 3811 Pron.
1131 3751 1252 3809 Lindisoi
1264 3751 1366 3820 factus,
1396 3748 1488 3806 multo
1505 3749 1662 3808 Ecclesiam
1677 3759 1806 3827 tempore
1819 3753 1991 3814 nobilissimo

417 3850 437 3881 '‘
450 3848 617 3914 rexit-lli
631 3867 696 3925 ergo
710 3866 776 3905 cum
789 3857 882 3905 essent
899 3847 929 3906 in
943 3849 1119 3907 Monasterio
1141 3848 1217 3925 quod
1232 3847 1327 3922 lingua
1351 3846 1515 3903 Scottorum
1541 3843 1745 3922 Roth-Melfiff
1766 3848 1939 3924 appellatur,
1961 3860 1995 3910 et

416 3944 436 3982 ⁸⁴
450 3965 549 4005 omnes
563 3944 640 4002 Socii
664 3963 762 4001 eorum
784 3944 826 4000 vel
853 3945 1026 4015 mortalitate
1052 3945 1089 4003 de
1101 3943 1207 4002 saeculo
1230 3944 1314 4019 rapti,
1336 3941 1382 4000 vel
1402 3959 1452 4017 per
1471 3939 1529 3997 alia
1547 3940 1613 3998 loca
1632 3940 1759 4018 dispersi,
1783 3945 1906 4023 correpti
1926 3954 1994 4003 sunt

416 4041 435 4075 ‘⁸
449 4045 533 4100 ambo
548 4044 647 4100 morbo
660 4040 787 4115 ejusdem
798 4039 1005 4110 mortalitatis?
1038 4042 1076 4099 V.
1089 4041 1175 4099 eti-am
1189 4038 1293 4097 Cleon.
1304 4037 1407 4097 Soron.
1424 4036 1460 4094 ad
1475 4054 1540 4094 ann.
1552 4031 1622 4095 564.

418 4136 625 4194 Monosterium
636 4138 671 4194 dc
682 4155 739 4212 quo
760 4135 807 4192 hic
820 4137 912 4212 agitur
921 4155 977 4194 non
988 4147 1032 4195 est
1044 4135 1177 4213 Melifont
1189 4136 1218 4193 in
1233 4134 1327 4192 Midia
1340 4133 1468 4209 antiqua,
1481 4142 1514 4189 ut
1526 4131 1555 4189 in
1571 4141 1640 4189 nota
1651 4133 1687 4190 ad
1701 4132 1777 4191 hunc
1792 4133 1878 4192 Bedae
1891 4134 1989 4192 boum

415 4233 514 4288 assent
524 4230 612 4286 Smitlr
625 4251 655 4306 p.
668 4227 735 4295 136,
744 4231 792 4288 sed
806 4231 889 4289 hodie
904 4241 1022 4290 vocatur
1033 4232 1135 4291 eodem
1149 4232 1265 4290 nomine
1279 4228 1468 4305 lietb-milrigi
1479 4228 1509 4284 in
1520 4227 1677 4296 Connncia,
1687 4227 1754 4286 Vid.
1765 4225 1892 4285 Glorior.
1901 4237 1989 4286 nostr.

419 4324 619 4402 Topogropdic.
663 4325 695 4381 ln
709 4342 828 4401 utraque
838 4327 986 4404 hypothesi
1000 4329 1092 4404 agitur
1105 4329 1139 4387 de
1153 4327 1301 4396 Hibernia,
1323 4347 1357 4385 ac
1369 4326 1487 4402 proinde
1500 4322 1596 4381 Sentio
1609 4331 1639 4379 et
1652 4315 1790 4379 Hibernia
1803 4321 1901 4378 eadem
1912 4333 1990 4384 sunt.

416 4421 597 4480 -Desaeviit
613 4429 680 4477 ante
702 4420 845 4477 bancalia
858 4421 1025 4490 mortalitas,
1048 4423 1083 4480 de
1097 4442 1153 4500 qua
1163 4423 1228 4480 vide
1241 4442 1326 4498 supra
1336 4440 1402 4479 ann.
1418 4427 1487 4479 548.
1499 4431 1528 4477 et
1550 4418 1590 4476 lv
1598 4416 1756 4493 Magistros
1768 4416 1804 4472 ad
1815 4414 1901 4474 eund.
1921 4435 1990 4475 ann.

417 4520 501 4578 Hane
517 4514 672 4583 Ieteritiem
687 4515 770 4571 tuisse
793 4515 881 4572 tradit
892 4516 1012 4591 scriptor
1020 4519 1152 4593 antiquus
1172 4518 1236 4574 vitae
1255 4516 1288 4577 S.
1301 4516 1424 4586 Giroldi,
1437 4519 1493 4575 Ab.
1508 4511 1679 4574 Monasterii
1690 4509 1792 4585 Magio
1806 4507 1942 4568 Saxonum
1960 4513 1991 4572 in

416 4615 574 4684 Connacis,
591 4613 678 4689 quod,
689 4630 742 4687 pro
753 4609 881 4680 Saxonis,
895 4611 1139 4672 comonodiornrrr
1156 4613 1187 4671 in
1208 4613 1378 4670 lliberniam
1393 4613 1538 4670 turmatim
1559 4605 1785 4674 adserentibus,
1807 4605 1936 4664 condidit
1960 4605 1993 4665 S.

417 4710 530 4768 Colman
543 4728 618 4769 anno
632 4704 701 4767 668.
714 4710 750 4767 V.
761 4707 830 4768 Bed.
839 4707 859 4766 l.
871 4715 901 4778 4,
912 4726 937 4764 c.
947 4714 976 4765 4.
1007 4706 1132 4767 Glosacr.
1149 4706 1270 4784 Topogr.
1287 4708 1366 4764 Voce
1379 4707 1521 4783 Magi-io,
1543 4705 1628 4764 hodie
1643 4702 1733 4760 Maio.
1777 4702 1875 4759 Vitam
1901 4701 1991 4778 antiq.

418 4804 449 4866 S.
461 4805 578 4863 Gerolrlr'
600 4805 721 4864 Saxonis
747 4804 824 4883 apud
849 4801 969 4871 Setiam,
992 4811 1061 4861 tom.
1076 4804 1113 4863 iv.
1137 4802 1226 4861 siniit
1239 4804 1268 4861 in
1282 4812 1340 4860 not.
1356 4802 1391 4859 ad
1406 4803 1473 4860 lded.
1486 4803 1507 4862 l.
1518 4811 1548 4872 4,
1562 4821 1589 4861 c.
1603 4806 1635 4872 4,
1655 4818 1684 4877 p.
1701 4802 1769 4868 147,
1791 4798 1861 4858 edit.
1886 4798 1994 4856 Canta·

419 4901 524 4974 brigia,
538 4911 567 4957 et
578 4900 628 4957 bos
642 4900 764 4958 Annales
783 4901 819 4959 ad
838 4919 905 4959 ann.
922 4895 992 4969 667,
1005 4903 1075 4967 703,
1088 4909 1118 4958 et
1126 4904 1199 4962 7³1.
1950 4942 1955 4951 .
2002 4887 2009 4895 ¹

420 4993 466 5070 (3)
484 4995 553 5054 Tres
566 4994 672 5054 nlttrnae
685 4998 880 5072 generationes
890 4997 993 5061 desiuit
1005 4996 1034 5054 in
1049 4994 1122 5056 Cod.
1135 4992 1304 5063 Bodleiano,
1327 5000 1426 5052 extant
1448 4993 1478 5051 'm
1497 4992 1616 5052 caetcrls.
1655 4991 1789 5052 Pectines
1800 4997 1831 5050 et
1841 4988 1994 5050 aternus
