4446 6000
326 480 394 572 82
753 502 1020 568 annanias
1061 499 1459 605 nnnonrnrrsns.

321 687 346 762 J
352 687 520 786 ugulatio
538 685 706 784 Dnitgue
736 710 779 758 nr.
810 685 924 758 Baitlr
942 684 1039 782 regis
1054 683 1268 771 Mendrion,
1302 678 1532 778 [Desiorum]
1561 680 1824 763 Dnbltdaletlte
1851 712 1907 769 me

323 812 544 898 Dnnnclron‚
568 811 630 905 (t)
652 823 690 883 et
705 808 997 906 Flanncnirrr'glr
1026 831 1103 882 nnuc
1137 807 1333 880 Aiteclrdni
1356 804 1578 879 moriuntur.
1635 807 1778 885 Bellum
1812 812 1909 889 Con·

322 935 433 1009 rraelrt
452 935 573 1031 inquo
591 931 996 1009 cecidit....Muredoelt
1020 953 1074 1008 nac
1096 930 1316 1024 Inreclrtoig
1337 927 1515 1002 Pontifex
1535 931 1668 1028 Muigi
1687 933 1756 1009 heu
1789 937 1905 1012 Saxo·

321 1083 412 1129 num
428 1055 590 1131 Garenlt
606 1058 710 1132 obiit.
733 1057 794 1154 (2)
827 1057 993 1154 Magnus
1010 1052 1255 1153 Philosophus
1272 1051 1451 1124 llibernie
1470 1076 1584 1149 nepos
1603 1054 1820 1133 Mitrebhta
1837 1085 1903 1136 ex·

320 1181 461 1255 tinctus
477 1196 542 1254 est.
573 1182 743 1257 Cealtact
766 1183 876 1277 ingen
893 1179 998 1276 [fitia]
1018 1176 1180 1252 Dnnclra
1196 1177 1255 1250 dia
1271 1175 1464 1248 uiblintoin
1485 1177 1548 1271 [de
1565 1176 1706 1254 familia
1725 1181 1904 1258 Linthan·

323 1309 443 1400 orum]
465 1307 611 1404 Regina
626 1305 774 1403 optima,
807 1315 845 1374 et
865 1302 1028 1399 benigna
1042 1300 1229 1374 dormivit.
1277 1301 1312 1372 T
1307 1301 1443 1373 eimnen
1462 1300 1679 1398 Cillegarad
1695 1304 1904 1405 Religiosua

323 1430 490 1503 Clericus
507 1428 661 1526 quievit.
718 1425 866 1501 Cellacln
894 1448 972 1498 mac
1002 1424 1038 1497 T
1035 1426 1156 1497 nateil
1182 1446 1248 1496 rex
1268 1437 1445 1520 nepotum
1483 1423 1677 1500 Crumtein
1704 1428 1904 1528 jugulatus

320 1568 385 1628 est.
439 1555 582 1627 Bellum
601 1552 698 1624 inter
712 1573 832 1648 genus
850 1547 997 1621 Conuill
1013 1561 1052 1619 et
1070 1547 1233 1644 Eugeia,
1269 1547 1308 1620 in
1328 1572 1404 1643 quo
1436 1548 1533 1621 lilius
1559 1548 1736 1648 Fergeile‘
1758 1554 1837 1627 Ant
1856 1552 1904 1629 de

320 1676 616 1750 lloitleber·tuelzo
643 1672 720 1745 lilio
753 1669 930 1765 Loingsic
963 1669 1220 1768 triumphavit.
1270 1670 1354 1742 Hiis
1387 1671 1547 1744 ducibus
1573 1673 1671 1747 cecis
1699 1699 1721 1746 a
1758 1675 1905 1751 ditione

321 1799 409 1898 ejus.
463 1799 585 1873 Flann
601 1795 723 1892 godon
751 1791 849 1865 filius
871 1791 1049 1888 Congaile
1081 1817 1159 1868 mac
1192 1794 1361 1892 Fergnsa
1396 1797 1563 1870 moritur.
1618 1797 1820 1897 Fluitlrgnr
1849 1822 1905 1874 mc

320 1922 581 2019 Duibdibergg
596 1934 634 1993 et
650 1917 854 1992 lhmoltueb
871 1941 949 1989 mue
967 1914 1160 1990 Duinecdo
1178 1917 1399 1990 moriuntur.
1458 1921 1601 1994 Bellum
1622 1922 1718 1997 iuter
1735 1924 1902 2022 Luigniu

320 2046 513 2143 desgabair
539 2069 636 2142 ugus
654 2041 867 2127 Memmia,
888 2039 1152 2137 [Lagenienses
1170 2043 1340 2116 australis
1357 2044 1530 2118 Gabariae
1548 2060 1586 2120 et
1603 2045 1896 2144 lllomonienses]

323 2197 398 2267 quo
419 2171 501 2244 Aed
516 2195 571 2243 mc
589 2169 752 2265 Colggen
771 2165 892 2239 victor
909 2176 998 2237 erat.
1050 2164 1190 2239 Sebdnn
1223 2166 1299 2240 filia
1328 2166 1444 2242 Cairc
1468 2170 1695 2245 dominatrix
1718 2170 1902 2246 Cili-dero
2016 2236 2018 2239 .

323 2294 426 2367 obiit.
480 2294 624 2390 Fergur
639 2315 716 2364 triae
731 2290 885 2377 Connill‚
902 2289 1049 2375 eirenie,
1074 2288 1327 2386 [Praepositus²
1346 2292 1462 2389 vulgo
1479 2292 1666 2388 Erenaclt]
1682 2294 1902 2369 ethrdom-

318 2419 411 2492 azaeli
443 2418 569 2492 Scriba
586 2415 769 2490 Ardmaee
785 2413 968 2486 obierunt.
1025 2413 1236 2510 Congulrrclr
1254 2441 1365 2490 cituco
1383 2417 1550 2491 moritur.

321 2544 389 2620 arr.
416 2540 494 2618 ὦτί
510 2542 629 2625 mii·
682 2539 841 2633 Dnngel
866 2560 943 2609 mec
960 2534 1124 2609 &lbaielr
1158 2535 1402 2612 dehonoravit
1421 2541 1558 2630 Tereia,
1579 2540 1638 2637 (3)
1670 2566 1756 2617 curn
1786 2542 1903 2621 traxit

318 2861 364 2933 (t)
389 2861 457 2918 Non
483 2857 699 2916 confundendus
726 2875 793 2914 curn
829 2865 939 2915 vetusto
966 2854 1112 2913 Historico
1137 2851 1315 2915 llibernense
1342 2856 1525 2930 Deductae,
1546 2861 1582 2917 da
1604 2879 1662 2938 qno
1687 2861 1751 2919 ride
1778 2859 1903 2922 onere.

319 2955 441 3014 Prelim.
454 2966 485 3014 et
498 2955 644 3012 infraann.
657 2949 728 3023 962,
746 2960 832 3023 1021,
844 2963 874 3011 et
891 2949 967 3011 1064
981 2971 1039 3028 quo
1047 2953 1129 3011 obiit.

319 3057 367 3126 (9)
392 3053 498 3110 uadem
512 3051 599 3110 babet
619 3053 655 3109 ad
675 3053 794 3109 eundem
808 3068 914 3108 annum
938 3048 1103 3124 Tigernecl,
1117 3061 1147 3106 et
1159 3041 1200 3119 Ν
1211 3048 1352 3127 Magistri
1365 3051 1401 3108 ad
1415 3070 1482 3109 ann.
1494 3047 1561 3114 726.
1607 3051 1679 3108 llaec
1699 3053 1845 3128 praeterire
1864 3072 1900 3111 na

319 3167 394 3224 queo
408 3149 475 3224 quin
491 3147 597 3204 Uenerii
610 3146 833 3203 animadvertam
848 3164 984 3213 errorem,
999 3147 1047 3220 qui
1068 3156 1177 3202 nostros
1199 3147 1326 3205 Annales
1341 3149 1572 3206 metachronismi
1591 3147 1720 3225 inculpat
1742 3148 1821 3224 quasi
1846 3147 1900 3206 Gi-

318 3244 391 3301 raldi
406 3243 526 3300 Abbatis
539 3243 650 3299 obitum
670 3241 810 3298 referrent
824 3240 859 3296 ad
882 3257 989 3297 annum
1010 3258 1074 3298 aerae
1088 3259 1162 3298 corn.
1175 3245 1247 3304 732.
1290 3243 1359 3318 Ejus
1380 3247 1466 3301 verba
1485 3243 1610 3302 notanda
1630 3253 1697 3302 sunt
1719 3249 1739 3276 ‘⁸
1754 3245 1904 3302 Adamna·

319 3345 338 3374 ‘⁸
361 3358 429 3396 num
443 3339 478 3395 vii
493 3349 561 3395 ante
576 3348 698 3394 mortem
712 3354 792 3393 suanr
810 3336 902 3403 annis,
912 3338 940 3392 in
956 3336 1125 3395 Hiberniam
1139 3346 1241 3396 lterum
1257 3339 1422 3415 perrexisse,
1444 3340 1623 3398 Ultonienses
1638 3339 1743 3398 docent
1764 3341 1900 3412 Annales,

319 3440 339 3467 “
363 3435 447 3490 Unde
468 3445 497 3489 et
514 3433 584 3489 illud
605 3433 635 3488 in
658 3432 739 3489 Actis
761 3431 873 3489 Giraldi
893 3432 1014 3494 Saxonis
1036 3434 1092 3491 huc
1117 3434 1294 3492 referendum
1308 3435 1522 3494 existimo-S.
1535 3436 1681 3495 Geraldus
1694 3437 1770 3513 apud
1786 3437 1900 3494 Maion-

318 3536 338 3565 ‘⁸
359 3548 456 3586 ensem
483 3527 642 3586 Ecclesiam
664 3527 692 3584 in
714 3547 786 3605 pace
812 3529 917 3604 quievit
939 3530 967 3587 iii
990 3530 1034 3588 ld.
1058 3531 1168 3589 lllartii.
1186 3529 1250 3588 Post
1268 3534 1326 3608 rjus
1346 3550 1411 3588 cero
1436 3532 1548 3601 obitum,
1569 3532 1599 3590 S.
1623 3531 1806 3590 adamnanus
1821 3529 1900 3588 lllai·

319 3631 338 3660 “
360 3644 493 3684 anensem
506 3624 663 3681 Ecclesiam
673 3624 770 3698 pervii
784 3644 868 3681 annos
881 3624 1018 3684 indefesse
1034 3627 1117 3695 rexit,
1132 3627 1277 3683 volumina
1291 3627 1430 3685 conscribi
1445 3627 1560 3696 faciens,
1581 3642 1667 3705 atque
1682 3647 1767 3685 manu
1780 3627 1897 3704 propria

319 3728 339 3757 “
361 3723 463 3782 librum
476 3723 501 3780 iv
510 3720 724 3798 Evangeliorum
742 3722 885 3790 scribens3
899 3721 1059 3799 Campanus
1074 3723 1160 3781 etiarn
1175 3721 1368 3781 labri-faciens
1383 3724 1419 3779 ad
1443 3727 1629 3782 reverentiam
1637 3723 1896 3782 aeclesia-tneo

318 3825 338 3855 “
359 3821 395 3878 nd
417 3821 566 3879 lonensem
587 3820 712 3895 perrexit
736 3820 902 3889 Abbatiam‚
925 3832 955 3878 et
979 3821 1017 3879 ibi
1044 3819 1167 3878 feliciter
1194 3820 1421 3878 obiit.’'--Ex
1450 3820 1492 3878 his
1525 3831 1738 3897 argumentetur
1759 3819 1900 3891 Ueneriae,

314 3920 345 3978 iu
375 3919 473 3977 iisdem
493 3916 652 3974 Annalibus
683 3916 893 3975 Ultoniansibus
913 3916 1317 3993 metachronismopeccatum
1339 3936 1400 3974 esse
1424 3918 1629 3994 videri‚quum
1649 3919 1809 3977 adannum
1828 3923 1900 3987 731,
2010 3986 2015 3993 ι

317 4017 365 4093 qui
381 4017 460 4073 nobis
474 4026 515 4072 est
529 4019 599 4083 732,
628 4014 729 4072 Gerelt
751 4013 880 4091 Pontifex
901 4012 1036 4093 Saxonum
1062 4015 1150 4089 campi
1178 4014 1243 4071 Heu
1266 4014 1361 4070 obiisse
1374 4014 1535 4073 scribitur?
1577 4013 1718 4073 Primord.
1729 4035 1758 4093 p.
1774 4012 1902 4074 1168.—

315 4115 356 4169 Αῑ
373 4131 452 4168 error
473 4121 515 4168 est
531 4111 638 4168 Uenerii
654 4111 750 4188 ipsius.
793 4108 830 4165 lli
855 4111 931 4168 euim
946 4110 1073 4169 Annales
1096 4111 1212 4168 minime
1238 4110 1354 4168 tradunt
1371 4109 1530 4168 Getaldum
1551 4110 1604 4168 hoc
1621 4130 1695 4167 anno
1715 4111 1825 4177 obiisse,
1850 4111 1898 4169 scd

316 4212 336 4241 “
352 4207 550 4262 Mnredeelnm
565 4207 722 4283 Pontificem
738 4206 866 4263 Ecclesie
879 4205 1111 4284 ,llogionenria8.
1125 4207 1271 4265 Gereldi.”
1314 4208 1424 4265 Eadem
1442 4206 1548 4263 tabent
1577 4207 1614 4263 ad
1639 4207 1767 4264 eundern
1783 4222 1890 4261 mmm

315 4309 387 4371 tat,
398 4318 462 4359 terae
474 4320 548 4358 corn.
560 4306 631 4369 732,
647 4302 811 4376 Tigrrnoed,
831 4303 904 4361 cod.
916 4304 998 4361 Bodl.
1011 4303 1059 4361 lol.
1074 4312 1120 4370 14,
1135 4305 1190 4363 col.
1202 4311 1231 4373 2,
1246 4305 1295 4363 lin.
1309 4312 1358 4375 20,
1372 4315 1403 4360 et
1417 4303 1457 4360 lV
1469 4303 1610 4380 Magistri
1622 4304 1659 4360 ad
1668 4320 1736 4358 ann.
1746 4295 1816 4369 726,
1831 4314 1896 4356 ωτι

317 4419 394 4458 conr.
408 4396 684 4470 isse-Scriptores
703 4397 849 4453 Hibernici
873 4401 1006 4458 monendi
1024 4413 1089 4458 sunt
1112 4421 1156 4470 ne,
1171 4406 1278 4477 absque
1292 4403 1455 4477 gravissima
1468 4419 1554 4457 causa
1565 4404 1601 4457 ab
1618 4394 1828 4456 Ultoniensibus
1842 4395 1898 4452 dis·

315 4499 429 4554 cedent.
473 4493 535 4550 llos
561 4491 687 4550 Arraales
710 4501 755 4549 ter
778 4493 922 4569 δοκι-ἱρά,
943 4497 1094 4571 quinquies
1108 4499 1246 4566 recensui,
1266 4509 1296 4553 et
1323 4499 1477 4555 collanone
1498 4494 1710 4571 diligentiam
1728 4492 1812 4552 acra*
1828 4510 1898 4549 cam

313 4592 486 4661 Adumnono,
515 4589 600 4658 Beda,
623 4600 652 4644 et
667 4586 820 4644 Annalibus
841 4589 1090 4663 Angla-Saxonicis
1101 4594 1204 4652 iterum
1224 4594 1385 4670 iterumque
1400 4594 1568 4669 recognovi;
1590 4591 1676 4665 idque
1694 4597 1758 4647 tuto
1773 4607 1898 4646 asserere

313 4706 437 4762 possum,
462 4708 508 4746 me
521 4689 550 4746 in
565 4684 675 4743 nullam
688 4703 816 4761 unquam
838 4683 1010 4755 chronicon,
1027 4688 1084 4744 sive
1104 4691 1215 4748 editum
1231 4690 1289 4747 sire
1303 4690 1454 4761 ineditum,
1476 4688 1576 4766 majani
1592 4683 1898 4757 contestaturum}
1984 4735 1990 4746 .

314 4793 372 4840 tam
388 4785 522 4853 dilucide,
535 4797 565 4842 et
582 4792 716 4841 accurate
731 4781 905 4858 descriptum
918 4781 1057 4840 incidisse.

315 4879 360 4953 (3)
382 4879 474 4937 llodie
497 4879 571 4955 Tere
592 4878 689 4938 irland.
732 4880 766 4937 ln
787 4878 857 4938 viu
879 4877 1070 4940 scaenae
1090 4880 1170 4941 edita
1189 4881 1220 4940 in
1241 4883 1354 4955 binde,
1367 4885 1612 4962 primoum&
1654 4881 1753 4942 Prima
1767 4877 1897 4946 Ecclefl
