4446 6000
939 505 1247 572 ELENCHUS.

318 755 436 807 curruum
445 770 501 803 usus
511 753 535 802 in
546 751 661 802 Hibernia
671 749 778 815 antiqua,
788 748 830 799 ubi
840 748 873 798 de
882 763 952 798 cumn
963 750 1094 799 crimthsui
1102 747 1177 815 Regis
1188 749 1316 801 Hibernia.

320 845 453 896 Crimthani
464 843 538 906 Regis
549 852 663 905 tempora,
675 851 700 889 et
709 841 787 889 Taciti
797 841 872 895 Iocus,
882 854 1006 903 perperam
1015 839 1160 895 intellectus,
1171 840 1329 904 explicantur.

319 936 360 985 De
371 938 519 997 Organorum
529 941 554 979 et
564 931 707 980 Psalmodia
717 948 760 980 usu
769 932 795 979 in
805 930 904 978 vetastis
914 929 1074 978 Hibemorum
1084 929 1207 979 Ecclesiis.

321 1023 522 1088 Antiphonarium
534 1020 704 1070 Benchorense
716 1018 910 1083 antIquissimum,
934 1018 1019 1067 nostris
1029 1018 1186 1081 Scriptoribus
1197 1020 1312 1066 hactenns
1322 1018 1437 1082 ignotum.

337 1164 384 1225 'a'
401 1160 446 1210 His
468 1159 582 1207 addenda
597 1166 634 1205 est
655 1167 713 1207 nota
734 1157 765 1204 de
789 1163 882 1205 vetusto
893 1154 984 1204 Codice
1007 1156 1147 1215 Hibernico,
1168 1172 1183 1204 a
1199 1158 1325 1221 nongentis
1337 1165 1362 1207 ct
1373 1158 1474 1223 amplius
1482 1161 1551 1209 annis
1561 1170 1667 1224 exarato,
1678 1179 1750 1230 quem

319 1250 428 1302 Usserius
448 1252 464 1277 “
477 1248 576 1296 Librum
588 1247 748 1310 Hymaorum”
770 1246 886 1309 appellat,
896 1245 921 1293 in
932 1244 1039 1308 Epistola
1050 1246 1081 1292 ad
1092 1245 1211 1300 VossIum,
1223 1244 1390 1295 Dissertationi
1400 1249 1432 1295 dc
1443 1248 1564 1312 Symbolis
1576 1254 1702 1314 pmmbsa,
1723 1255 1748 1302 in

318 1356 367 1405 qua
377 1338 495 1386 codicem
509 1338 579 1385 istum
593 1337 690 1394 laudat,
703 1343 719 1364 “
732 1338 922 1397 antuuissimum,
945 1333 1031 1396 partim
1043 1332 1139 1392 Latino,
1161 1335 1247 1397 partim
1263 1335 1394 1385 Hibernica
1411 1352 1520 1386 sermone
1538 1341 1707 1404 conscriptam,
1728 1342 1754 1390 its

317 1442 365 1491 quo
376 1426 487 1491 Hymnus
498 1424 529 1473 Te
540 1425 625 1484 Deum,
641 1432 723 1473 contra
733 1424 854 1486 vulgarem
866 1421 1011 1486 opinionem,
1022 1421 1163 1470 adscribitur
1172 1422 1197 1470 N
1198 1423 1288 1469 icetsc.''

316 1566 356 1617 De
367 1583 411 1615 usu
422 1566 577 1614 Metellorum
588 1567 612 1613 in
626 1563 746 1615 Hibernia
754 1563 839 1613 seculo
850 1561 925 1618 VIII,
937 1562 978 1610 ubi
989 1563 1020 1610 dc
1031 1560 1101 1611 Vasis
1109 1560 1194 1617 Sacris,
1206 1560 1292 1617 astreis,
1302 1568 1327 1610 et
1336 1562 1462 1627 argenteis.

333 1708 380 1768 'a'
400 1703 522 1753 Addenda
543 1711 598 1749 sant
618 1701 709 1765 pagina
722 1701 941 1759 susustinetis,
954 1716 1008 1765 qua
1020 1717 1050 1748 ex
1068 1700 1167 1750 Giraldo
1177 1700 1266 1750 adduxi
1278 1703 1367 1767 pagina
1379 1707 1436 1763 139,
1446 1703 1478 1752 de
1489 1704 1581 1754 Codice
1592 1704 1630 1755 IV
1641 1706 1753 1772 Evange-

315 1797 401 1846 liorum
412 1794 564 1851 Kildarense‚
575 1802 601 1841 et
611 1807 663 1855 quae
675 1793 699 1839 in
710 1791 882 1840 Dissertatione
893 1791 1048 1841 I'raeliminari
1067 1791 1133 1841 dicta
1153 1801 1209 1840 sunt
1224 1793 1257 1842 de
1276 1793 1329 1841 aliis
1343 1791 1483 1852 codicibus,
1494 1811 1593 1859 qaorum
1611 1804 1751 1861 tegumenta

315 1901 382 1944 auro,
391 1891 416 1930 et
428 1891 536 1946 argento,
546 1890 657 1930 contecta
669 1882 744 1928 suere.

317 2025 458 2088 Deceptam
472 2022 567 2071 Artibus
576 2021 723 2071 Liberalibus
735 2018 904 2066 Hibernorum.
1040 2044 1051 2054 -
1183 2043 1193 2055 ·
1323 2047 1333 2058 .
1463 2049 1473 2060 .
1599 2048 1609 2061 ,
1735 2048 1745 2059 ,
1811 2026 1869 2073 ,ω

317 2111 357 2161 De
365 2112 475 2175 Virgilio,
493 2119 518 2158 ct
527 2110 670 2162 Dunchado,
680 2106 827 2154 Astronamis
838 2104 952 2152 Hibernis
962 2106 1044 2151 saculi
1056 2102 1131 2148 s'lll.

317 2201 357 2250 De
368 2200 551 2248 Academiarum
562 2197 700 2245 Parisiensis
711 2204 736 2243 ct
746 2192 877 2242 Ticinensis
888 2189 986 2252 OrigInc
997 2188 1136 2236 Hibemica.
1200 2213 1211 2226 ·
1322 2216 1334 2227 -
1462 2217 1471 2229 .
1597 2218 1608 2231 .
1735 2220 1746 2233 .
1812 2202 1861 2247 175

319 2290 358 2339 De
370 2288 533 2337 illustrioribus
546 2286 685 2346 quibusdam
697 2283 810 2327 ilsbcrnis
822 2282 862 2341 qui
875 2279 955 2325 caroli
966 2278 1051 2340 Magni
1063 2293 1138 2325 evum
1146 2277 1171 2325 in
1182 2275 1267 2326 Galliis
1277 2294 1427 2342 praecessere.
1600 2308 1609 2319 ·
1737 2310 1748 2324 .
1813 2290 1861 2336 179

315 2378 413 2427 Errores
424 2377 455 2423 de
467 2373 584 2423 Frrdolirsi
604 2367 748 2431 temporibus
758 2368 912 2429 castigantur.
1040 2391 1050 2403 ·
1179 2391 1188 2401 .
1320 2400 1327 2414 ,
1455 2394 1465 2404 ,
1592 2397 1603 2407 ,
1729 2400 1739 2410 -
1797 2375 1856 2424 Μ

332 2516 378 2578 ξ’
396 2516 475 2578 Gogas
485 2510 566 2575 Major
578 2512 663 2557 domus
674 2506 792 2570 Sigcberti
804 2505 825 2560 I,
849 2511 875 2550 ct
897 2503 1014 2552 fridolini
1024 2501 1122 2557 amicus,
1133 2502 1192 2550 obiit
1209 2516 1272 2550 anno
1283 2505 1341 2558 581,
1352 2512 1469 2567 regnante
1479 2505 1628 2553 childeberto
1638 2506 1666 2554 11
1676 2505 1742 2570 Sige-

317 2605 378 2653 bcrti
389 2605 403 2652 1
414 2604 471 2657 filio,
483 2601 552 2664 cajus
562 2615 627 2647 anno
638 2597 674 2645 IX
695 2597 828 2644 clotharius
837 2595 864 2642 11
876 2593 1027 2641 Suessionum
1038 2590 1092 2639 Rex
1104 2592 1256 2639 renunciatus
1266 2600 1309 2645 est,
1320 2607 1383 2639 anno
1394 2590 1482 2639 christi
1492 2594 1629 2641 bibi—,irs
1648 2595 1677 2642 de
1691 2592 1744 2643 Ver.

319 2698 349 2742 les
360 2695 433 2748 dates,
444 2701 461 2738 t.
469 2697 491 2738 1.
524 2689 611 2737 Errant
622 2688 702 2749 itaque
713 2686 753 2748 qui
766 2681 881 2732 Fridaliai
891 2683 981 2730 obitam
992 2681 1098 2728 referunt
1110 2682 1140 2727 ad
1152 2695 1209 2727 ann.
1221 2681 1277 2728 514.

318 2831 453 2879 Columbini
462 2835 570 2890 tempora
580 2825 754 2886 expenduntur.
787 2821 942 2869 conserenda
954 2828 990 2868 est
999 2820 1090 2868 additio
1102 2821 1134 2867 de
1144 2817 1294 2867 columbano
1305 2834 1336 2866 ex
1346 2817 1435 2883 pagina
1445 2819 1607 2883 precedente.
1735 2845 1746 2859 ·
1811 2826 1859 2872 180

348 2967 396 3029 Ψ
413 2967 449 3015 Ε1
459 2966 495 3012 his
506 2963 621 3027 sequitur,
631 2961 650 3009 F
651 2959 777 3010 ridolinum
781 2992 789 3015 ,
798 2959 942 3007 columbani
955 2959 979 3006 in
990 2958 1077 3006 Galliis
1088 2972 1264 3021 precursorem,
1276 2957 1298 3004 ei
1310 2958 1392 3019 paucis
1402 2964 1494 3006 tantum
1504 2959 1573 3006 annis
1583 2958 1728 3021 praecessisse
1739 2976 1747 3019 ;

320 3057 468 3106 childeberto
478 3052 541 3101 cuins
556 3052 583 3099 11
596 3065 731 3098 successere
742 3049 783 3096 filii
794 3048 970 3103 Ihcodobertus,
982 3058 1008 3095 et
1020 3046 1184 3103 Theudoricus,
1196 3046 1237 3094 ille
1249 3046 1385 3105 Austrains,
1395 3047 1435 3096 hle
1447 3047 1601 3112 Burgundiis,
1609 3063 1672 3098 anno
1683 3051 1731 3098 696
1738 3065 1747 3110 3

317 3144 479 3192 Columbanus
490 3150 571 3189 autem
581 3140 679 3187 advenit
689 3139 713 3185 In
725 3136 838 3191 Galliam,
849 3153 936 3184 annum
949 3135 1042 3183 circiter
1052 3137 1108 3190 585,
1119 3150 1167 3198 quo
1179 3144 1286 3198 tempore
1306 3136 1467 3183 Childebertus
1477 3136 1504 3183 II
1529 3134 1663 3193 Austrasiis,
1681 3137 1747 3187 Gua-

313 3233 434 3280 thramuus
447 3227 594 3291 Burgundiis
609 3225 908 3290 prael'uit.-Gaashramuo
928 3224 1079 3284 superstitem
1093 3223 1166 3270 faisse
1177 3224 1359 3281 childebertum,
1380 3233 1465 3273 contre
1483 3224 1582 3275 Beronii
1593 3226 1744 3283 sententiata,

315 3315 601 3380 doctijamconreniunt.
634 3314 771 3375 “Regnum
791 3315 842 3373 ejus
860 3312 1022 3359 childebertus
1044 3313 1191 3374 asumpsit?
1203 3312 1282 3375 inquit
1293 3312 1451 3377 fredegarius
1462 3313 1487 3363 in
1497 3310 1626 3370 chronico,
1637 3323 1663 3362 et
1672 3313 1746 3379 Greg,

316 3404 402 3452 Taras.
415 3406 432 3450 Ι.
444 3408 468 3458 4,
478 3405 509 3450 de
523 3401 646 3449 Miracnlis
656 3400 681 3447 S.
695 3399 794 3446 Martini
806 3414 828 3447 c.
840 3402 881 3447 37.
915 3396 1069 3447 Conferenda
1080 3408 1116 3447 est
1136 3400 1278 3449 Heuscheuii
1302 3411 1324 3450 et
1344 3401 1499 3463 Papehrsehii
1510 3402 1676 3450 I’rmlimineris
1686 3402 1746 3450 Eae-

317 3490 379 3553 gcsis
391 3491 422 3537 de
434 3488 583 3551 Genealogia
592 3488 686 3550 Regum
700 3485 927 3549 Dagabertiuorum,
939 3488 1068 3535 adtonsum
1080 3488 1120 3536 IlI
1130 3490 1216 3537 mensis
1228 3489 1320 3545 Martii,
1331 3490 1468 3538 ubiobitum
1479 3490 1638 3538 Guathrastai
1648 3488 1678 3534 ad
1686 3501 1744 3534 ann.

313 3581 361 3625 593
372 3578 524 3624 referendum
547 3592 598 3625 esse
620 3578 793 3624 demonstrant.
827 3575 942 3623 Notauda
961 3582 997 3623 est
1017 3591 1082 3624 error
1103 3593 1155 3640 qua
1167 3593 1238 3641 supra
1252 3578 1346 3642 irrepsit
1354 3594 1410 3642 pag.
1420 3581 1475 3633 181,
1487 3577 1536 3632 ubi,
1547 3591 1591 3639 pro
1616 3582 1743 3623 “curante

315 3663 449 3728 hgilulfo,”
469 3664 555 3728 legitur
573 3673 590 3695 ‘⁴
602 3674 700 3714 curante
712 3665 989 3729 Lintpraudo.”—-0biit
1000 3668 1130 3715 ,lutharius
1151 3683 1191 3714 rex
1214 3667 1399 3730 langobardum
1411 3682 1475 3715 anno
1486 3668 1542 3720 590,
1559 3679 1606 3727 quo
1616 3662 1745 3726 Gregorius

315 3754 420 3829 Magnus
429 3755 460 3802 ad
472 3755 640 3804 Pontificatum
651 3767 748 3804 evectus
762 3765 806 3804 est.
839 3756 958 3805 Successit
978 3758 1126 3821 Agilulphus,
1139 3757 1207 3820 cujus
1225 3756 1305 3805 adhuc
1317 3763 1382 3802 extat
1399 3754 1510 3818 Diplosss
1530 3769 1573 3817 pro
1589 3754 1708 3808 Bobimise,
1721 3753 1746 3801 ln

313 3855 330 3892 t.
342 3848 366 3901 5,
382 3846 479 3894 Buttsrii
490 3845 645 3902 cassinensis,
657 3848 753 3909 etapud
768 3846 889 3910 Ugllcllum
901 3848 925 3894 in
944 3847 1015 3895 Italia
1035 3846 1108 3895 Sacra
1125 3854 1142 3878 ‘¹
1152 3847 1240 3895 Datum
1253 3846 1383 3894 Mediolani
1393 3848 1420 3892 ia
1432 3845 1527 3894 Palatio
1536 3845 1579 3892 sub
1590 3846 1628 3893 die
1639 3843 1676 3892 1x
1686 3842 1754 3891 Kal..

314 3935 375 3998 Aug.
387 3935 465 4001 Ilcgui
485 3939 558 3984 riustri
572 3937 710 4002 felicissimi
721 3936 787 3984 vul
803 3953 847 3999 per
860 3937 993 3985 indictione
1003 3936 1051 3984 V.’'
1085 3937 1152 3984 Obiit
1163 3935 1304 4000 Agilulphas
1315 3949 1378 3980 anno
1390 3933 1457 3995 regni
1467 3936 1507 3988 85,
1519 3933 1608 3981 christi
1616 3938 1672 3983 615.
1705 3933 1745 3982 De

314 4025 375 4071 notis
384 4024 507 4073 chronicis
516 4025 606 4073 Confer
615 4022 743 4073 hiaratoris'
749 4024 807 4072 Res.
816 4025 871 4072 Ital.
883 4032 902 4071 t.
913 4030 935 4079 1,
953 4041 976 4088 p.
987 4029 1044 4081 469,
1052 4028 1109 4082 455,
1119 4033 1144 4073 ct
1152 4028 1209 4074 469.
1231 4023 1393 4087 Lintprasulus
1404 4032 1486 4087 postea
1498 4023 1634 4087 sepulcrum
1643 4020 1743 4081 ornarit,

313 4118 339 4156 ut
349 4119 415 4173 patet
425 4128 454 4160 ox
465 4114 535 4162 dIctis
546 4115 579 4161 de
590 4113 699 4178 sepulcro
708 4116 820 4164 Cumcuai
831 4128 901 4176 supra
909 4130 965 4179 pag.
979 4116 1033 4163 lua.
