4446 6000
358 478 462 581 216
704 467 706 470 ’
792 505 1051 573 ANNALES
1092 502 1499 571 uuuoumusus.
1615 519 1618 524 ·

228 732 237 751 ·
360 691 620 767 Dromorensis
638 687 1005 763 intero’Eochauios
1023 686 1227 778 dormine]
1263 678 1422 782 Dungul
1438 707 1516 757 mae
1534 681 1761 780 Fergailcri
1778 685 1939 787 Osruige

358 815 458 914 [Rex
477 814 651 905 Ossoriae]
674 813 840 885 moritur.

317 992 322 1001 ·
362 940 432 1013 flu.
460 934 553 1011 mm
570 937 606 1017 11
619 936 660 1010 ii.
730 935 833 1006 Mors
864 933 1134 1007 Muelruunuid
1163 954 1217 1003 ine
1245 929 1485 1003 Donneliuda.
1540 928 1645 1002 Mors
1689 928 1845 1007 cazlau
1879 956 1936 1005 mc

365 1057 601 1133 Concoblznir.
657 1058 832 1153 Artugan
861 1081 938 1128 nnuc
959 1056 1175 1141 Dumlinnill
1195 1053 1393 1151 jugulatus
1414 1067 1470 1122 est
1497 1050 1660 1125 dolosea
1680 1053 1842 1150 Ruurgg
1858 1081 1937 1128 mac

363 1184 493 1260 Broin.
514 1182 655 1255 Cinued
666 1205 744 1257 inne
754 1178 887 1254 Conroi
904 1205 966 1251 nex
983 1177 1231 1275 generationis
1247 1176 1420 1269 Loiguire
1429 1173 1626 1271 jugulatus
1636 1186 1722 1249 esto
1737 1175 1939 1249 Deilblmiu

360 1310 438 1405 [per
453 1303 677 1396 Delvinins.]
728 1301 910 1377 Cumsudli
926 1325 1004 1372 niae
1020 1301 1171 1385 Derero,
1193 1312 1231 1372 et
1252 1298 1454 1394 Moenaign
1474 1323 1550 1370 nene
1568 1296 1850 1394 Sotlechnduigli,
1862 1299 1938 1371 (lun

364 1428 547 1528 Episcopi,
569 1440 606 1499 et
622 1425 813 1504 Aneorite.
837 1422 872 1493 in
892 1447 967 1493 una
995 1438 1106 1494 noete
1120 1421 1255 1494 mortui
1276 1438 1362 1493 snnt
1381 1421 1417 1493 in
1436 1421 1798 1497 Disii·t·Diarmulu.
1850 1420 1939 1494 Fer·

362 1577 523 1651 gusmnc
541 1548 699 1645 Fotlaig
718 1573 781 1620 rex
802 1544 992 1619 Conuaelit
1007 1546 1172 1616 moritur.
1230 1545 1457 1616 Donnaelznn
1475 1568 1553 1619 niue
1572 1545 1795 1620 Maeletuile
1809 1544 1936 1632 scriba,

366 1690 404 1748 et
418 1672 598 1747 Anconita
614 1669 778 1744 iii-Italia
796 1668 948 1764 quievit.
1002 1665 1159 1739 Suiblzne
1194 1691 1270 1740 inne
1302 1667 1485 1743 birunain
1518 1667 1644 1741 Abbas
1667 1668 1848 1744 Imleocno
1876 1667 1942 1742 Flu

366 1797 531 1870 moritur.
587 1794 707 1887 Colgu
723 1787 996 1886 inael'edluaigli
1018 1790 1199 1862 Anconita
1217 1790 1393 1886 pausavit.

366 1920 435 1995 ssn·
462 1915 556 1997 Dm
573 1918 608 2001 tl
624 1917 680 1991 iu.
731 1913 970 2007 Maelinitiglz
990 1937 1067 1986 mae
1092 1911 1285 1997 Cinaulla,
1315 1913 1397 2010 jug.
1417 1912 1754 1987 estaGentilibus.
1808 1914 1947 1987 Romu

368 2039 493 2112 Abbas
520 2036 832 2113 Cluana-menois
863 2034 1052 2107 dormivit.
1107 2034 1259 2110 Briceni
1294 2036 1418 2109 Abbas
1454 2037 1586 2109 Lotnri
1617 2035 1720 2107 obiit.
1776 2036 1940 2110 Loseadli

369 2158 591 2259 Cluunsertu
609 2161 821 2234 Brenndain
840 2158 1023 2253 ngenntib
1040 2161 1082 2235 do
1098 2157 1195 2234 Loci
1215 2160 1251 2230 ri
1278 2159 1516 2255 [Connbustio
1535 2158 1753 2234 Monasterii
1770 2159 1940 2233 Cluanaeq

369 2284 473 2360 fertae
491 2284 675 2356 Brendani
693 2308 756 2381 per
773 2284 943 2356 Gentiles
961 2280 1079 2360 Lacus
1098 2279 1227 2376 uigil]

369 2409 438 2484 flu.
457 2405 550 2483 mitt
567 2408 602 2491 71
617 2408 668 2483 iu.
719 2405 919 2481 Forannun
948 2404 1074 2482 Abbas
1102 2404 1333 2481 Ardnacnae
1364 2408 1411 2479 du
1436 2405 1627 2502 ergublmil
1656 2407 1704 2480 du
1736 2405 1898 2480 Genntib
1932 2408 1947 2477 i

370 2531 483 2603 cloen-
504 2527 724 2602 Coniurduin
753 2553 816 2600 eon
845 2553 867 2607 u
901 2528 1083 2603 mindaibn
1109 2541 1129 2607 7
1150 2551 1214 2600 eon
1242 2551 1265 2598 a
1289 2529 1476 2616 muindtir,
1495 2540 1550 2606 7α
1566 2529 1683 2603 breitle
1699 2527 1942 2623 dolonguilli

369 2650 518 2746 Luinig.
552 2649 724 2748 Orggnin
743 2651 847 2726 Duin
864 2675 959 2726 masc
973 2675 993 2723 o
1008 2649 1183 2739 Geuntiln
1202 2653 1248 2726 du
1267 2652 1305 2723 in
1323 2674 1363 2723 ro
1381 2649 1483 2724 marl
1499 2651 1581 2725 Aed
1596 2673 1672 2725 mac
1690 2650 1943 2726 Duibdaenicli

372 2771 444 2847 Ab.
457 2773 541 2845 Tire
559 2774 603 2844 du
615 2773 741 2869 glans,
762 2786 785 2859 7
804 2774 947 2850 Cluana
968 2774 1141 2870 mulge,
1162 2785 1185 2854 7
1202 2777 1249 2846 clu
1268 2775 1304 2847 in
1320 2798 1362 2845 ro
1380 2772 1482 2847 marli
1501 2771 1744 2856 Ceitlernucli
1761 2795 1838 2845 nnuc
1850 2770 1944 2846 Con·

372 2894 511 2971 dimise
523 2894 660 2993 Seenap
676 2895 771 2977 Cille
785 2898 883 2985 claro,
920 2909 942 2978 7
960 2898 1069 2971 alaile
1093 2900 1139 2970 ile
1161 2896 1325 2975 Dunadh
1345 2899 1381 2969 eli
1410 2894 1664 2995 Gallaibhjbr
1678 2895 1779 2969 Locli
1798 2895 1861 2983 Ri,
1880 2918 1945 2968 con
1966 2906 1969 2914 '

372 3023 548 3095 rortudur
563 3020 785 3108 Commenta,
814 3031 835 3101 7
861 3020 976 3107 Mine,
998 3032 1019 3100 7
1038 3045 1102 3095 eon
1122 3045 1164 3093 ro
1194 3020 1377 3094 loeecaiset
1395 3020 1531 3096 Cluain
1549 3044 1603 3095 mc
1617 3022 1704 3107 nois,
1724 3042 1788 3094 con
1805 3044 1828 3092 α
1843 3018 1945 3093 Der·

371 3148 548 3245 tlaigibh,
567 3158 590 3227 7
606 3146 862 3243 ›Cluuiiiserta
875 3148 1098 3236 Brenndain,
1116 3148 1385 3244 7Tirduglaieu,
1407 3147 1637 3235 7Lotl1ra‚7
1656 3146 1763 3220 aluile
1780 3143 1944 3219 Cutlira·

370 3271 439 3345 eliu
463 3273 674 3366 [Furannan
692 3269 817 3346 Abbas
835 3269 1117 3346 Ardmachanus
1138 3284 1267 3370 captus
1287 3296 1309 3345 a
1327 3271 1544 3346 Gentilibus
1562 3270 1601 3343 in
1620 3265 1945 3344 Cloon-Comarda

374 3417 460 3471 cum
476 3392 551 3465 suis
568 3391 755 3488 Reliquiis,
775 3407 913 3469 etcum
935 3395 1117 3469 comitatu
1133 3418 1210 3478 suo,
1239 3407 1276 3468 et
1308 3393 1479 3491 captivus
1497 3394 1634 3467 ductus
1650 3418 1672 3466 a
1689 3395 1801 3465 classe
1818 3389 1944 3464 Lnini·

373 3538 497 3612 gense.
543 3512 713 3588 vastatio
730 3513 834 3585 Duni
865 3514 969 3586 Mase
987 3540 1049 3611 per
1065 3515 1244 3605 Gentiles,
1259 3515 1324 3592 ubi
1343 3517 1488 3590 occisus
1505 3530 1560 3588 est
1575 3515 1654 3588 Aen
1672 3514 1768 3586 lilius
1788 3511 1945 3586 Dubda·

371 3633 504 3713 crichii
537 3635 661 3710 Abbas
677 3636 1013 3734 Ti1·etlaglassensi8‚
1045 3651 1083 3712 et
1102 3636 1247 3712 Cluana
1271 3638 1387 3727 ednae,
1406 3655 1444 3714 et
1462 3636 1525 3713 ubi
1554 3637 1699 3712 occisus
1716 3651 1773 3709 est
1791 3633 1945 3708 Cether-

374 3759 470 3833 nach
489 3758 586 3832 lilius
615 3759 890 3849 Condinuschii‚
911 3760 1085 3836 AEdituus
1105 3761 1342 3850 Kildurensis‚
1363 3777 1401 3835 et
1416 3760 1565 3861 plurimi
1584 3761 1660 3834 alii.
1701 3761 1816 3833 Arces
1834 3757 1947 3831 aenifi-

375 3881 449 3956 cati
464 3882 509 3956 ab
528 3882 757 3980 Alienigenis
774 3909 881 3983 supra
899 3885 1021 3958 lacum
1043 3885 1153 3982 uign
1176 3884 1275 3958 unde
1292 3898 1531 3960 vastaverunt
1548 3882 1777 3956 Connacium
1807 3898 1845 3955 et
1875 3879 1948 3955 Mi·

375 4006 484 4095 diam,
495 4021 533 4079 et
549 4006 832 4081 combusserunt
845 4008 967 4084 Cluan
983 4008 1159 4081 macnois
1177 4031 1263 4081 eum
1280 4005 1519 4080 Nosocomiis
1539 4006 1625 4093 suis,
1639 4021 1678 4082 et
1694 4004 1948 4081 Cluanfertnni

375 4126 409 4200 S.
423 4125 616 4214 Brendani,
638 4142 674 4200 et
691 4128 896 4228 Tindaglas,
918 4144 955 4211 et
974 4130 1161 4220 Lothrani,
1186 4142 1224 4206 et
1241 4130 1414 4226 plurimas
1432 4128 1520 4205 alias
1539 4128 1749 4222 Civitates]
1786 4126 1948 4200 Fiuchna

374 4271 451 4322 mue
469 4248 732 4323 Maelebresuil
746 4253 871 4331 Abbas
892 4251 1151 4330 Finndubraelz
1175 4253 1277 4328 Alea
1304 4253 1472 4327 moritur.
1525 4253 1710 4350 Gormgul
1723 4276 1800 4325 mac
1817 4250 1947 4324 Muir·

373 4370 519 4451 edliniclz
539 4370 611 4466 Eps
630 4386 666 4450 et
692 4375 872 4452 Anconita
889 4377 1032 4453 Luinne
1056 4377 1151 4451 Lere
1169 4377 1321 4473 quievit.
1378 4374 1732 4472 Catroinnuidlisor
1750 4372 1891 4448 Gennti
1909 4395 1950 4449 rc

375 4493 420 4570 N
422 4494 490 4566 iull
506 4519 585 4568 mue
603 4495 730 4572 [leuna
749 4499 761 4568 i
779 4497 918 4592 Maigli
938 4500 1038 4576 [tha.
1068 4499 1241 4597 Orggaiu
1259 4499 1443 4574 Donncla
1461 4523 1516 4572 mc
1527 4495 1761 4582 Flollomnin‚
1778 4507 1799 4573 7
1814 4492 1951 4571 Fluinn

373 4640 428 4693 inc
442 4617 748 4715 Maelruunuigl,
775 4620 812 4690 la
829 4619 1113 4695 Muelseclmuill
1131 4648 1209 4697 mue
1226 4647 1281 4696 mc
1310 4623 1614 4716 Maelruannuig.
1669 4617 1703 4690 T
1701 4640 1810 4714 urges
1828 4621 1876 4690 du
1895 4643 1950 4690 er·

370 4741 500 4835 gubail
517 4744 552 4815 ln
570 4741 861 4830 Mueleeclmnill,
897 4751 919 4825 7
940 4740 1063 4859 bagad
1076 4744 1240 4841 Turgesi
1262 4746 1360 4821 Loch
1376 4748 1463 4820 uuir
1481 4748 1596 4821 iarum
1637 4743 1823 4845 [Victoria
1850 4756 1953 4844 parta
