4446 6000
353 532 456 631 alt
790 555 1052 623 nnuma
1080 552 1489 617 uuronrausrrs.

352 743 608 818 Commutatio
624 738 814 814 Abbatum
832 738 870 810 in
894 734 1116 822 Ardmacltn,
1140 735 1176 806 ·i·
1202 733 1421 807 Diarmitius
1437 733 1535 807 lilius
1552 731 1780 830 Tigemaclri
1814 738 1852 811 in
1879 743 1930 812 lo·

352 893 436 942 cum
455 865 662 941 Forinrtaui.
718 864 890 937 Praelium
915 857 1170 934 aGentilibus
1195 872 1339 955 gestum
1357 872 1489 931 contra
1517 857 1645 931 Pictos
1660 859 1859 953 Albania]
1893 864 1932 935 iu

352 1016 427 1087 quo
445 990 635 1086 Enganna
655 1013 738 1061 mac
754 987 937 1082 Gangara,
956 997 976 1063 7
994 985 1099 1056 Bran
1115 1005 1192 1052 mac
1207 979 1388 1076 Gorgona,
1410 982 1525 1059 7Aerl
1540 1005 1620 1054 mac
1635 981 1792 1071 Boonta,
1814 999 1851 1057 et
1869 986 1931 1056 alii

352 1111 635 1187 innumerabiles
659 1111 888 1185 cecideruut.
937 1106 1098 1179 Loscadlr
1115 1104 1288 1178 Frrnnnn
1306 1114 1329 1184 7
1348 1104 1766 1181 CoronidlreoGerrntib.
1799 1109 1930 1203 [Com-

349 1233 472 1307 bustio
489 1233 623 1321 Fernae,
647 1247 684 1307 et
703 1232 875 1328 Corcagii
894 1254 957 1328 per
973 1226 1172 1318 Gentiles.]

348 1359 417 1435 tttt
445 1354 540 1433 mm
556 1375 620 1439 m
637 1357 683 1438 it.
735 1353 908 1449 Orggoin
938 1350 1147 1446 Lnghnimb
1166 1352 1203 1422 di
1222 1349 1321 1422 Locb
1339 1349 1513 1424 Eridacb
1528 1376 1548 1423 o
1563 1349 1753 1426 Genntiblr
1772 1352 1930 1447 [Devas·

348 1481 441 1555 tatio
461 1480 617 1576 Lugniae
635 1477 796 1576 regionis
817 1476 936 1551 Lacus
955 1473 1057 1547 Each
1078 1496 1140 1570 per
1154 1472 1341 1569 gentiles,]
1359 1473 1423 1568 qui
1456 1488 1494 1546 et
1521 1475 1734 1572 Episcopus,
1773 1487 1811 1549 et
1828 1476 1930 1549 Pres.

352 1606 496 1692 biteros‚
520 1618 558 1677 ct
575 1603 756 1701 sapientes
782 1600 949 1697 captivos
965 1598 1167 1684 duxeruut,
1200 1610 1237 1669 et
1254 1597 1343 1669 alios
1362 1599 1692 1673 mortificaverunt.
1747 1599 1936 1673 Florincor

350 1729 554 1827 Imperator
570 1726 793 1800 Francorum
811 1724 978 1795 moritur.
1000 1722 1061 1816 (l)
1106 1719 1268 1793 Lorcodb
1294 1723 1560 1795 Airddmaclroe
1589 1747 1687 1796 cona
1705 1722 1934 1819 Dertbiglrib

350 1861 374 1930 7
391 1875 414 1923 a
432 1848 635 1944 Doimliag.
667 1845 861 1921 Feidlimid
875 1846 911 1917 ri
927 1844 1126 1916 Mnmhain
1154 1846 1197 1916 do
1216 1845 1390 1916 innriudb
1407 1846 1540 1918 Midhe
1555 1855 1578 1924 7
1597 1844 1701 1941 Breg
1717 1845 1934 1939 coniddeirig

351 1974 364 2049 i
391 1974 427 2047 Τ
423 1971 616 2067 embroigb
633 1981 657 2049 7
683 1971 721 2041 in
741 1969 803 2040 illa
820 1968 902 2040 vice
921 1967 1072 2040 innredlr
1088 1969 1156 2039 cell
1173 1977 1196 2046 7
1214 1967 1346 2041 beitbrr'
1363 1970 1400 2040 la
1416 1970 1528 2042 Niall
1541 1991 1619 2041 mac
1636 1968 1775 2040 eterna.
1800 1966 1931 2061 [Com-

348 2093 473 2167 bustio
496 2090 716 2166 Ardmacbre
734 2114 823 2164 cum
848 2090 1097 2179 Nosocomiis,
1132 2102 1169 2162 et
1187 2089 1363 2163 Ecclesiis
1396 2090 1545 2188 lapideis
1576 2088 1662 2162 suia.
1716 2087 1830 2161 Felim
1863 2110 1928 2161 rex

351 2215 555 2289 Momouiae
574 2214 735 2287 vastavit
752 2213 921 2300 Midiam,
938 2227 977 2286 et
999 2212 1177 2310 Bregiam,
1197 2212 1319 2287 donec
1350 2214 1522 2287 conrodit
1540 2213 1580 2285 in
1593 2211 1775 2301 Temoria,
1795 2223 1836 2283 et
1862 2210 1932 2284 ista

347 2335 430 2411 vioe
445 2337 602 2409 vastatio
618 2335 880 2424 Ecclesinrum,
899 2348 937 2408 et
954 2336 1230 2423 Armeutorum,
1253 2360 1316 2433 pcr
1336 2335 1505 2408 Niallum
1524 2336 1641 2409 tilium
1661 2333 1806 2426 Aodhil.
1827 2334 1931 2406 Mora

349 2459 592 2533 Marchadlio
609 2484 665 2535 mc
681 2457 1021 2534 ArdlrnConnaclrt.
1077 2458 1181 2533 Guin
1196 2460 1348 2554 [vulnus
1366 2458 1516 2554 lethale]
1545 2458 1734 2534 Cinaedlra
1764 2481 1819 2532 mc
1847 2457 1932 2530 Cor·

348 2583 474 2657 croidb
490 2583 586 2679 regis
599 2580 828 2675 Bregmaine,
844 2581 857 2651 i
873 2579 1024 2652 Tethbni
1039 2579 1095 2673 [in
1106 2581 1249 2674 Teffia]
1269 2582 1293 2653 J
1297 2581 1626 2679 oseproirrmoer,
1645 2580 1729 2679 Epa,
1751 2594 1790 2654 et
1806 2580 1933 2654 Scriba

353 2704 526 2801 optimus,
544 2717 582 2776 et
598 2702 787 2789 Auoorita,
811 2701 934 2775 Abbas
954 2703 1101 2779 Cluana
1117 2703 1218 2791 Avia,
1236 2716 1274 2776 et
1289 2704 1444 2778 aliarum
1464 2705 1671 2795 civitatum,
1691 2704 1931 2780 dormivit-

354 2830 377 2864 “
391 2825 455 2899 An
469 2848 511 2898 so
526 2826 573 2898 bl.
593 2850 632 2898 ro
650 2825 719 2898 tior
739 2827 925 2921 tongadar
942 2824 1171 2899 Lochlanaid
1187 2850 1243 2901 an.
1265 2828 1347 2900 erin
1366 2850 1412 2898 or
1442 2841 1504 2900 tur
1519 2829 1564 2900 do
1578 2829 1656 2901 reir
1677 2828 1715 2900 in
1731 2829 1931 2902 trencnrol’

352 2955 375 2989 “
391 2947 479 3045 [boc
495 2973 592 3021 auno
619 2947 797 3046 praedicto
819 2962 1001 3023 venerunt
1018 2948 1193 3023 Lochlani
1228 2951 1270 3045 (i.
1283 2975 1314 3024 e.
1329 2948 1449 3043 Dani)
1483 2951 1522 3026 in
1556 2951 1783 3038 Hiberniam,
1816 2949 1932 3048 primu

352 3075 375 3109 “
394 3071 485 3160 vice,
504 3066 710 3147 secuudum
729 3069 996 3165 Chronicou.]”
1024 3071 1086 3169 (2)

347 3385 458 3444 illibata
468 3388 633 3463 permansit.
655 3388 689 3445 In
705 3387 791 3464 hujus
805 3407 874 3445 vero
889 3389 911 3445 F
911 3387 1047 3446 odlimidii
1065 3391 1151 3468 Regis
1163 3405 1302 3468 tempore,
1317 3392 1539 3468 Norwegienses,
1552 3392 1582 3449 in
1593 3380 1695 3467 magua
1708 3388 1809 3458 classe,
1822 3388 1926 3445 Hiber·

348 3480 415 3539 nica
427 3481 523 3548 litore,
537 3501 612 3565 auno
626 3490 683 3543 888
699 3484 881 3561 appulerunt,
895 3485 943 3560 qui
956 3494 986 3540 et
1006 3505 1092 3542 manu
1114 3488 1181 3544 forti
1197 3498 1302 3545 terram
1321 3496 1504 3564 occupantes,
1527 3494 1556 3542 et
1578 3483 1675 3560 gentili
1705 3483 1800 3542 furore
1821 3482 1927 3540 deboc·

349 3575 477 3646 chantes,
489 3576 634 3637 Ecclesiae
648 3579 708 3639 lere
723 3570 822 3637 ornnes
838 3580 1144 3639 dartrumrout''—Iu
1159 3583 1387 3641 qucosurtensi
1401 3581 1534 3649 editione,
1550 3579 1760 3654 Norwegiensee
1774 3596 1840 3635 cum
1851 3578 1928 3636 Tur·

347 3672 423 3748 goeio
445 3669 476 3731 io
499 3674 668 3733 Hiberniam
691 3677 833 3753 appulisse
847 3677 983 3736 dicuntur
1005 3696 1076 3735 runo
1092 3685 1161 3748 838,
1172 3681 1224 3738 sed
1237 3680 1266 3736 in
1281 3679 1369 3738 MSS.
1380 3676 1533 3737 codicibus
1548 3678 1625 3753 apud
1640 3675 1737 3734 Usser.
1747 3674 1887 3732 Primord.
1897 3693 1926 3751 p.

349 3764 418 3840 860,
433 3770 537 3829 desunt
549 3774 633 3830 verba
647 3773 711 3842 isto,
731 3784 761 3830 et
784 3773 907 3851 triginta
926 3794 1014 3832 annos
1034 3775 1205 3852 Tyrannidia
1221 3775 1436 3850 Norwegomm,
1453 3774 1491 3830 ab
1505 3771 1640 3830 anteriori
1660 3769 1840 3829 deducendos
1858 3788 1927 3840 osse,

347 3873 475 3942 patetex
490 3867 755 3926 Northmaunorum
765 3868 915 3929 Chronicis
930 3870 1012 3927 editis
1022 3873 1059 3928 ab
1074 3871 1185 3927 Andreo
1195 3870 1232 3927 dn
1246 3867 1347 3927 Cicone
1358 3880 1379 3926 t.
1392 3877 1421 3937 2,
1435 3891 1465 3947 p.
1477 3875 1547 3928 525.
1598 3868 1672 3927 Cum
1683 3867 1759 3924 euim
1770 3876 1929 3924 narrassent

346 3958 473 4021 acoron
487 3961 700 4033 Nortlmnimia
715 3964 770 4022 ie.
786 3965 929 4025 Hibernos
944 3985 963 4024 a
975 3967 1231 4042 Nouembribus,
1239 3984 1292 4040 per
1305 3983 1390 4022 annor
1396 3966 1529 4041 plurime
1540 3964 1703 4024 tributarios
1716 3963 1824 4039 offertor
1836 3960 1928 4027 luisse,

346 4067 445 4130 postea
457 4060 495 4116 ad
509 4077 575 4119 aun.
590 4065 647 4119 848
661 4060 794 4136 inquiunt
816 4065 835 4101 ‘⁴
851 4061 930 4119 Sooti
946 4080 1030 4139 super
1045 4062 1259 4121 Nortbtuaunos
1270 4061 1423 4131 irruentes,
1436 4062 1546 4120 auxilio
1561 4062 1618 4123 Dei
1632 4062 1765 4128 victorae,
1779 4078 1828 4117 eor
1840 4075 1859 4113 a
1870 4057 1926 4113 suia

346 4153 366 4183 ‘⁴
380 4150 483 4209 linibus
496 4155 669 4230 propellunt.
693 4156 777 4216 Unde
792 4157 856 4220 Rex
871 4157 1021 4217 Scotorum
1034 4158 1070 4215 ad
1084 4158 1222 4218 Karolum
1236 4155 1388 4237 [calvum]
1402 4158 1492 4236 pacis,
1503 4166 1534 4217 et
1545 4157 1680 4219 amicitiae
1693 4155 1793 4233 gretia,
1806 4152 1925 4226 legator

346 4248 366 4278 ‘⁴
380 4261 446 4302 cum
461 4249 625 4307 muneribue
636 4252 735 4321 mittit,
751 4253 824 4311 viam
837 4253 889 4311 sibi
901 4254 1019 4335 petendi
1029 4255 1151 4314 Romam
1160 4254 1280 4313 concedi
1291 4252 1476 4331 deposcens?

347 4340 397 4413 (¹)
419 4339 525 4416 “Lege
539 4340 693 4402 uomicas
706 4347 803 4418 Pirrr,’'
815 4349 887 4408 obiit
898 4349 973 4409 enirn
986 4349 1033 4409 hic
1045 4350 1220 4411 Francorum
1234 4350 1299 4409 Rex
1313 4369 1389 4408 anno
1402 4355 1471 4419 840,
1494 4356 1531 4409 12
1548 4348 1615 4408 Kal.
1625 4346 1705 4407 Julii.
1732 4341 1802 4416 Ejus
1813 4337 1922 4400 exitum

345 4436 408 4496 dire
421 4436 495 4494 Solis
507 4436 631 4496 defectio
640 4443 797 4515 portendit,
811 4446 901 4520 pridie
925 4447 1106 4507 Ascensionis
1132 4447 1200 4518 ont,
1233 4447 1283 4522 qui
1296 4446 1451 4522 luitpridie
1466 4447 1566 4509 Nouae
1577 4443 1660 4510 Maii,
1682 4440 1754 4503 hom
1766 4436 1821 4496 diei
1836 4454 1921 4497 ¹¹0⁰&-

345 4533 448 4591 Annol.
465 4532 596 4593 Francor.
613 4534 705 4595 Paral.
715 4542 743 4604 2,
760 4537 777 4595 Ι.
789 4547 819 4607 4,
834 4560 861 4598 c.
878 4537 925 4610 16,
935 4543 1011 4617 apud
1026 4543 1127 4601 Petav.
1142 4543 1209 4602 Rat.
1222 4543 1323 4619 Temp.
1338 4542 1357 4600 l.
1370 4548 1398 4612 8,
1415 4563 1444 4620 p.
1457 4548 1527 4602 320.

345 4628 389 4700 (2)
410 4630 482 4689 Haeo
494 4632 636 4691 habentur
647 4631 677 4689 in
688 4631 806 4691 Codicis
816 4636 956 4711 margine,
994 4638 1066 4696 vide
1078 4655 1142 4714 quae
1156 4638 1193 4694 da
1208 4637 1357 4695 Danoruru
1369 4639 1462 4714 primo
1472 4634 1595 4714 appulsu
1607 4631 1687 4690 dicta
1704 4626 1820 4690 suntad
1836 4646 1924 4687 annor

345 4726 417 4793 7⁴⁷.
430 4731 501 4796 794,
516 4734 586 4788 811.
627 4728 706 4791 Hinc
736 4738 818 4804 petet
841 4728 994 4788 chronicon
1015 4730 1153 4808 Magnum
1175 4731 1315 4801 extitisse,
1340 4728 1469 4811 ‘tempore
1491 4748 1550 4812 quo
1563 4729 1671 4791 borna
1693 4725 1850 4788 Annalium
1861 4721 1920 4786 col·

345 4816 438 4878 lector
449 4821 559 4885 lloruit.
600 4825 647 4883 De
659 4821 874 4896 moctmioo,
888 4827 954 4884 vida
965 4826 1069 4888 ΑΜ.
1084 4825 1183 4885 Ultor.
1196 4844 1263 4884 aun.
1272 4833 1344 4888 488.
