4446 6000
321 469 420 561 las
695 478 1133 551 Annonarrouas
1175 476 1249 540 au
1290 477 1411 541 sac.
1434 477 1570 543 v111.

313 685 444 748 exarato,
457 675 560 733 iterum
570 672 729 748 iterumque
744 667 925 734 confirmans,
937 664 984 736 (1)
1005 661 1075 718 ordo
1084 659 1146 735 jam
1165 659 1300 736 postulat,
1316 668 1347 717 ut
1361 658 1438 717 idem
1452 669 1650 736 argumentum
1664 680 1824 742 prosequar
1848 685 1897 727 us·

314 798 369 854 que
379 779 415 836 ad
428 779 499 836 Saec.
511 777 564 845 IX,
577 795 632 833 non
644 791 753 831 errores
767 788 899 846 arguens,
920 785 975 825 nec
987 765 1084 822 inania
1098 774 1196 821 texens
1209 773 1380 832 commenta,
1395 762 1441 820 sed
1455 781 1520 820 vera
1530 781 1674 834 enarrans,
1698 772 1728 823 et
1745 768 1824 826 omni
1837 754 1897 847 quo

312 901 427 959 possum
438 881 532 938 studio
547 899 581 937 ac
594 878 742 947 fidelitate,
756 876 841 932 fidem
855 890 958 940 meam,
972 868 1053 926 iuliis
1064 866 1224 924 Annalibus
1235 866 1361 936 edendis,
1375 868 1496 926 liberare
1508 869 1694 931 contendens.

357 984 497 1061 Imprimis
510 984 607 1058 itaque
622 981 779 1038 notandum
794 988 848 1046 est,
860 975 1034 1042 docelinum,
1056 972 1103 1048 qui
1129 973 1229 1029 eodem
1248 972 1354 1029 saeculo
1382 972 1476 1030 floruit
1503 992 1561 1049 quo
1588 974 1735 1047 Giraldus,
1759 977 1894 1055 originem

313 1091 484 1148 tenebrarum
497 1086 654 1154 Hibemiae,
669 1086 753 1141 abeo
773 1083 833 1158 ipso
859 1080 1007 1135 Danorum
1029 1075 1155 1151 ingressu
1169 1075 1321 1146 deducere,
1337 1094 1355 1133 a
1369 1096 1425 1153 quo
1439 1078 1554 1135 Artium
1569 1079 1740 1151 liberalium,
1762 1091 1793 1142 et
1817 1082 1894 1144 vita

316 1192 499 1260 humanioris,
511 1201 539 1248 et
554 1188 721 1249 urbanitatis
734 1185 827 1253 initia,
838 1180 962 1240 absurde
974 1178 1106 1247 nimium,
1121 1188 1150 1236 et
1165 1177 1286 1237 ridicule
1300 1191 1434 1256 repetunt
1448 1182 1619 1241 recentiores
1640 1203 1710 1259 quos
1728 1203 1815 1262 supra
1834 1205 1895 1245 me·

314 1298 482 1356 moravi-“
490 1296 618 1370 Tempus
632 1292 814 1348 tenebrarum
829 1284 975 1342 Hibernia
989 1282 1060 1339 illud
1071 1292 1301 1354 autumaverunt,
1314 1283 1537 1360 inquitJocelin,
1548 1305 1606 1362 quo
1619 1286 1894 1362 persumenda,

315 1406 334 1432 ⁴‘
357 1409 386 1457 et
404 1408 505 1475 postea
527 1393 687 1470 Turgeeiue,
714 1387 926 1464 Norwegienses
949 1384 1095 1462 Principes
1120 1386 1236 1462 Pagani,
1260 1385 1291 1443 in
1313 1386 1453 1445 Hibernia
1481 1387 1623 1447 debellata
1648 1390 1833 1465 regnabant?
1848 1391 1899 1466 (2)

315 1508 334 1536 “
357 1504 425 1559 Pars
448 1500 573 1576 plurima
593 1497 780 1554 Tractatuum
797 1491 831 1549 de
858 1490 953 1548 Gestis
978 1490 1006 1546 S.
1021 1489 1147 1560 Patricii,
1173 1490 1399 1568 principantibus
1413 1492 1594 1563 Gurmundo,
1613 1502 1643 1550 et
1654 1494 1802 1570 Turgesio,
1824 1511 1896 1552 con·

313 1614 334 1643 ⁴⁴
355 1617 468 1684 sumpta
482 1605 567 1681 periit
580 1598 742 1658 incendio?
757 1597 806 1668 (3)
828 1595 893 1653 Jam
903 1611 970 1650 vero
986 1593 1135 1651 Danomm
1149 1593 1179 1651 in
1194 1594 1363 1653 Hiberniam
1375 1597 1527 1672 appulsum
1541 1596 1628 1656 refert
1640 1597 1702 1674 ipse
1715 1596 1896 1659 Giralduead

315 1729 421 1769 annum
437 1726 501 1765 aerae
515 1701 673 1761 communis
688 1705 757 1769 818,
779 1717 837 1774 quo
859 1701 879 1729 “
895 1697 971 1754 Dani
987 1697 1045 1754 sive
1059 1697 1249 1769 Nordmanni,
1266 1700 1340 1758 duce
1350 1701 1488 1778 Turgesio
1503 1703 1653 1778 Norwego,
1664 1702 1833 1761 Hiberniam
1846 1723 1899 1781 per

316 1818 337 1847 “
358 1830 447 1869 annos
462 1808 578 1884 triginta
591 1803 769 1862 tributariam
785 1803 949 1869 effecerunt,
971 1813 1002 1859 et
1026 1801 1135 1859 Gentili
1160 1803 1255 1860 furore
1269 1804 1492 1877 debacchantes,
1508 1805 1654 1863 Ecclesias
1666 1804 1834 1864 iereomncs
1847 1808 1899 1868 de·

317 1922 335 1949 ·‘
358 1921 534 1979 struxerunt,
548 1911 635 1967 libros
648 1906 779 1965 incendio
794 1907 1024 1979 absumpserunt,
1038 1905 1112 1962 viros
1132 1905 1293 1964 eruditione
1306 1916 1335 1964 et
1348 1909 1499 1967 sanctitate
1513 1909 1633 1969 illustres
1646 1910 1676 1969 ia
1687 1911 1808 1971 latibula
1817 1929 1898 1970 com·

315 2026 336 2056 ⁴⁶
357 2019 502 2097 pulerunt,
517 2024 546 2072 et
556 2015 685 2070 inventos
700 2009 841 2084 Martyria
850 2009 1014 2075 affecerunt,
1027 2006 1104 2064 unde
1116 2025 1188 2065 nova
1200 2008 1229 2065 e'n
1236 2010 1466 2086 florentissimam
1478 2013 1603 2072 Insulam
1618 2014 1725 2072 invectu
1738 2023 1780 2071 est
1798 2015 1896 2073 dorda·

316 2127 337 2158 “
358 2118 496 2191 ries.”(4)
513 2117 622 2174 Eadem
637 2114 724 2171 tradit
734 2123 836 2170 auctor
852 2122 934 2169 vetus
948 2113 1090 2169 Actorum
1105 2111 1135 2170 S.
1146 2111 1265 2170 Geraldi
1277 2114 1465 2186 Maionensis,
1487 2123 1507 2150 “
1520 2117 1672 2194 lurgaim
1685 2116 1897 2194 Norvegieueis,

319 2231 339 2261 ‘⁴
371 2237 508 2302 tyrmmus
518 2219 601 2280 valde
612 2217 744 2289 crudelis,
759 2228 849 2275 totam
865 2218 1012 2276 devastans
1027 2216 1209 2293 Hiberniam,
1221 2221 1338 2280 taudem
1353 2219 1390 2278 ad
1404 2219 1607 2284 Melonemem
1620 2220 1771 2283 meantem
1793 2223 1896 2284 Eccle-

318 2336 337 2364 “
358 2325 587 2402 siam,templum
603 2324 679 2400 quod
691 2323 744 2381 fuit
768 2323 807 2380 ibi
821 2342 839 2380 a
853 2306 1183 2394 Sanctisconstrdctum,
1209 2343 1246 2383 ac
1266 2325 1402 2382 mendae
1421 2325 1555 2402 plumbeis
1578 2337 1754 2400 contectum,
1777 2328 1808 2387 in
1827 2346 1896 2390 con·

317 2437 497 2509 “temptum
512 2429 567 2487 Dei
582 2439 613 2488 et
633 2429 804 2487 Sanctorum
820 2427 1016 2485 comburendo
1037 2427 1208 2488 destruxit.''
1223 2429 1274 2503 (6)
1316 2429 1402 2486 Hanc
1423 2447 1510 2506 porro
1533 2431 1720 2491 rmmtiouem
1744 2432 1903 2510 respiciunt

319 2537 438 2614 quade
458 2534 603 2610 nongentis
616 2533 774 2604 Monacdis,
801 2551 821 2589 a
840 2531 944 2589 Pisatis
972 2550 1030 2589 una
1060 2531 1117 2602 die,
1146 2531 1177 2589 in
1197 2530 1359 2590 benchoria
1379 2531 1542 2593 Hibernica
1564 2533 1730 2607 interiectis,
1746 2538 1899 2598 traduntur

319 2661 338 2700 a
353 2641 383 2701 S.
396 2639 720 2701 semmua-Primam
735 2635 880 2694 Hiberniae
890 2634 1076 2695 imtanonsm
1089 2653 1140 2711 per
1148 2635 1247 2694 Dauos
1261 2636 1387 2697 referunt
1398 2638 1429 2697 hi
1442 2639 1578 2710 Annales,
1585 2656 1653 2699 cum
1660 2641 1848 2717 ligemacbo,
1858 2643 1896 2703 ad

317 2764 424 2804 annum
444 2749 515 2814 795,
533 2740 579 2816 (ὑ)
596 2741 754 2802 secundam
763 2740 799 2798 ad
810 2758 917 2798 annum
926 2743 997 2807 798,
1006 2741 1050 2814 (7)
1071 2749 1209 2816 sequntur
1217 2741 1332 2800 dversae
1341 2743 1664 2805 immaniorercdanoos
1672 2742 1898 2819 806,8ll,818.

316 2852 392 2927 Ergo
407 2849 449 2906 vel
458 2848 631 2907 Giralduset
638 2845 797 2915 locelinus,
811 2843 939 2919 ejusdem
945 2843 996 2900 avi
1011 2843 1179 2922 Scriptores,
1190 2863 1220 2902 se
1231 2854 1333 2905 mutuo
1339 2848 1499 2922 destruunt,
1507 2850 1551 2909 rel
1561 2852 1657 2928 potius
1664 2851 1749 2913 fateri
1758 2852 1899 2930 cogimur,

316 2968 350 3016 ut
359 2957 459 3015 veritas
473 2954 534 3032 ipsa
554 2951 691 3030 postulat,
719 2947 831 3007 Gimldi
846 2946 977 3006 convicia
994 2965 1052 3007 non
1069 2949 1107 3006 ad
1120 2950 1294 3026 antiquiores
1305 2952 1448 3012 Hibernos
1459 2955 1617 3026 reserenda,
1641 2956 1693 3016 ead
1706 2958 1743 3015 ad
1755 2975 1805 3015 eos
1817 2974 1900 3033 quos,

317 3063 487 3133 Saeuloxii,
502 3062 596 3119 bostar
610 3056 734 3114 habebat
748 3051 952 3121 taminiensos,
965 3060 999 3109 ut
1010 3051 1039 3109 in
1049 3050 1117 3110 duce
1126 3052 1269 3112 Hibernia
1279 3058 1416 3116 tentiones
1424 3058 1525 3136 pmem
1535 3076 1681 3134 nunquam
1694 3059 1903 3119 interreaude·

317 3176 372 3235 ret,
385 3167 445 3236 ubi,
456 3176 488 3222 ut
499 3164 557 3240 ipse
572 3161 709 3237 loquitur,
723 3162 743 3190 ⁴⁴
753 3155 838 3232 Capti
852 3154 1015 3230 decapitati,
1028 3173 1082 3212 non
1095 3157 1229 3230 redempti
1241 3158 1291 3215 aed
1303 3159 1617 3234 interempn'fuennt.”
1629 3161 1676 3232 (8)
1696 3159 1799 3236 Neque
1820 3159 1899 3220 enin

319 3267 487 3324 Hibemiam
503 3265 591 3332 novit,
605 3262 696 3319 donec
712 3261 863 3316 Danomm
874 3258 969 3317 furore
991 3266 1144 3334 prostrata,
1166 3269 1197 3316 et
1222 3260 1424 3319 cruentissimis
1448 3258 1553 3319 civium
1564 3259 1639 3318 iuter
1657 3280 1689 3321 se
1702 3261 1903 3322 dimicantium

319 3369 401 3427 bellis
411 3367 542 3426 civilibus
552 3367 690 3434 lacerata,
704 3363 733 3420 iu
748 3363 905 3421 barbariem
918 3362 1051 3439 proclivis
1061 3362 1266 3440 impelleretur.
1307 3363 1393 3432 Quod
1415 3363 1438 3422 si
1451 3363 1590 3441 peregrini
1603 3364 1742 3437 conditio,
1752 3373 1784 3425 et
1792 3365 1899 3426 Hiber·

319 3472 391 3531 nicae
404 3469 506 3546 linguae
519 3466 643 3536 inscitia,
657 3485 714 3524 non
734 3464 892 3542 impediant
905 3485 961 3543 quo
976 3467 1069 3526 minus
1084 3468 1223 3527 Historici
1236 3469 1347 3527 veracis
1358 3468 1475 3527 titulum
1488 3469 1630 3539 obtineat,
1643 3469 1673 3527 id
1686 3469 1800 3541 saltem,
1809 3476 1897 3545 atque

318 3575 467 3651 imprimis,
481 3571 637 3631 cavendum
652 3578 705 3640 est,
726 3588 761 3627 ne
780 3568 929 3645 Scriptori,
943 3570 979 3627 de
993 3571 1051 3629 suis
1062 3572 1228 3644 laudabilia,
1242 3573 1278 3632 de
1294 3571 1423 3630 hostibus
1436 3574 1532 3649 turpia
1544 3572 1780 3644 scribenti,iacile
1799 3590 1896 3632 meen-
1950 3569 1954 3579 ’

319 3680 433 3739 tiamur.
443 3681 487 3752 (9)
520 3677 550 3736 S.
560 3676 730 3746 Remardus,
744 3675 792 3751 qui
806 3675 893 3750 paulo
906 3684 973 3734 anta
987 3676 1140 3736 Giraldum
1154 3679 1261 3749 floruit,
1282 3677 1354 3735 obiit
1365 3676 1442 3736 enim
1455 3695 1532 3736 enno
1552 3683 1641 3749 1153,
1655 3678 1691 3736 de
1708 3675 1814 3736 Schola
1823 3674 1898 3734 un·

319 3783 445 3842 edocente
458 3781 489 3838 in
502 3780 630 3851 Ultonia,
645 3801 660 3837 e
674 3799 732 3857 qua
743 3779 841 3839 Sancti
855 3779 996 3853 Columba,
1010 3791 1041 3841 et
1055 3780 1244 3853 columbanus,
1259 3782 1383 3860 Hyonae,
1397 3792 1427 3839 et
1448 3779 1570 3839 Luxovii
1582 3779 1747 3841 fundatores
1759 3778 1900 3860 prodiere.

317 3884 471 3963 inquit—“
486 3885 705 3944 Nobilissimum
728 3885 939 3945 Monasterium
961 3890 1015 3947 sub
1036 3888 1129 3964 primo
1164 3888 1250 3946 Patre
1275 3883 1424 3962 Congella
1451 3883 1540 3941 nstra
1568 3883 1657 3942 millia
1686 3882 1900 3943 Monachomn

319 3994 338 4023 “
359 4008 505 4065 generans,
519 3989 667 4048 multorum
683 3991 924 4050 Monasteriorum
932 3999 1030 4068 caput,
1053 3991 1146 4050 Locus
1156 4010 1221 4050 vere
1235 3991 1368 4061 Sanctus,
1382 3987 1582 4064 facundusque
1595 3987 1780 4062 Sanctorum,
1803 3989 1901 4068 copio-

320 4094 340 4123 “
360 4092 466 4151 sissima
479 4092 656 4155 fructificans
664 4096 739 4166 Deo,
750 4095 793 4155 ita
806 4105 839 4155 ut
851 4114 923 4155 unus
935 4116 973 4154 ex
986 4096 1051 4156 tiliis
1063 4096 1176 4156 Sancta
1188 4095 1263 4156 illius
1276 4091 1518 4171 Congregstifflib
1531 4093 1646 4152 n0min0
1659 4091 1783 4164 Imm,
1794 4093 1828 4170 [⁸
1839 4100 1898 4168 ‘lm

321 4385 336 4445 i
337 4391 365 4450 1)
382 4387 445 4436 Bed·
457 4386 473 4434 l·
481 4389 505 4445 ³»
516 4403 539 4437 c·
548 4392 589 4446 27,
600 4390 618 4440 l·
629 4394 654 4447 4,
663 4396 717 4448 c.4,
728 4400 754 4442 et
762 4399 803 4451 26,
824 4397 889 4446 Vide
909 4405 979 4447 notae
995 4399 1029 4447 ed
1047 4396 1198 4447 hondnnal.
1211 4413 1267 4446 ann.
1284 4398 1342 4451 663,
1357 4408 1429 4457 11111111
1438 4408 1463 4457 p·
1470 4397 1511 4451 56,
1530 4408 1586 4443 11111·
1596 4395 1655 4450 675»
1671 4393 1777 4456 1³⁸8·⁶⁰o
1796 4398 1822 4441 0ss
1840 4403 1901 4459 ι1111.

320 4471 377 4526 684,
389 4485 444 4534 pag.
457 4471 497 4518 62.

320 4549 363 4613 (2)
380 4548 767 4614 1οι166115,ἰιιΤιιιᾱερις.
781 4557 836 4603 104.
934 4555 979 4621 (³)
997 4557 1061 4605 Ibid.
1071 4573 1093 4606 c.
1107 4559 1162 4612 186,
1174 4573 1229 4620 pag.
1242 4560 1299 4605 106.

320 4629 363 4692 (4)
381 4631 476 4679 Girnidi
486 4630 590 4695 Topogr.
603 4628 662 4679 Hib.
672 4629 735 4679 Dist.
747 4635 771 4689 8,
788 4650 809 4683 c.
819 4637 859 4691 st,
872 4633 948 4683 litter.
961 4635 1080 4686 Primord.
1093 4653 1118 4701 p.
1128 4640 1201 4694 1178,
1221 4644 1247 4684 et
1262 4633 1375 4685 Chronic-
1387 4633 1419 4684 de
1431 4633 1501 4685 Gest.
1512 4633 1671 4685 Numanum·
1685 4630 1711 4680 in
1723 4629 1814 4682 Histoi.
1825 4629 1899 4680 Frau-

319 4708 390 4756 cicar.
401 4710 513 4773 Scriptor.
524 4711 630 4760 Andreae
639 4711 680 4760 Du
689 4711 784 4761 Cbesne
795 4715 855 4763 edit.
866 4725 884 4762 t.
896 4720 920 4772 2.
930 4731 986 4779 pag.
998 4719 1055 4766 525.

319 4788 366 4848 (5)
382 4787 445 4836 Acta
454 4789 549 4838 Giraldi
561 4793 624 4855 apud
637 4792 719 4841 Usaer.
728 4793 787 4842 ibid.
854 4794 898 4858 (6)
916 4795 980 4844 Vide
991 4812 1063 4860 supra
1073 4813 1130 4845 ann.
1143 4801 1200 4852 ⁷94,
1210 4812 1264 4860 pag.
1278 4800 1335 4844 117.
1413 4793 1457 4859 (7)
1474 4795 1539 4846 Vide
1550 4811 1623 4862 supra
1632 4810 1690 4847 ann.
1703 4797 1763 4856 797,
1772 4793 1897 4863 ΜΛΝ·

318 4865 366 4930 (8)
384 4866 483 4919 Hibera.
494 4870 601 4937 Espugn.
613 4873 631 4922 l.
641 4878 665 4930 2,
672 4888 727 4937 cap.
735 4875 777 4923 36.
875 4876 919 4942 (9)
929 4875 1045 4942 Polybius
1055 4875 1192 4926 Cmuboni
1203 4876 1262 4927 edit
1271 4875 1338 4929 Paris
1349 4877 1423 4934 1619,
1432 4891 1490 4942 pag·
1499 4879 1557 4934 164,
1566 4878 1591 4926 ⁵.
