4446 6000
665 540 666 543 ‘
810 545 1071 628 Anninus
1101 561 1501 630 uurournueue'.
1839 540 1943 652 217

369 742 417 818 de
431 743 646 818 Gentilibus
661 765 727 841 per.
743 743 913 819 Niallum
931 744 1047 818 filium
1067 742 1199 834 Aedhi,
1218 744 1258 816 in
1276 743 1418 841 Campo
1434 744 1507 820 Ith.
1556 744 1703 844 Strages
1739 746 1942 823 Donchadi

368 866 432 938 filii
448 866 662 956 Follomaui‚
681 877 720 940 et
739 867 870 942 Flanni
882 868 949 941 filii
959 868 1156 958 Malruaui,
1171 892 1234 966 per
1246 866 1513 941 Maelsechnall
1524 866 1643 940 filium
1662 866 1728 941 filii
1740 868 1940 944 Malrunui.

366 987 567 1084 Turgesius
588 1000 719 1087 eaptus
736 1014 757 1063 a
776 989 1056 1083 Malsechnallo,
1076 1005 1114 1066 et
1128 992 1316 1066 demersus
1333 990 1372 1063 in
1389 991 1474 1064 lacu
1494 988 1765 1087 Uair'posteu]
1787 989 1846 1087 (l)
1868 991 1942 1065 Lu·
1967 1061 1975 1080 ,

366 1108 473 1184 braid
484 1134 566 1185 mue
577 1091 713 1186 Ailetlo
728 1112 854 1187 Abbas
868 1114 976 1188 Slane
986 1114 1152 1188 moritur.
1196 1115 1386 1189 Robartoc
1397 1138 1474 1187 mac
1489 1114 1640 1187 Breruil
1655 1111 1782 1188 Abbas
1793 1115 1942 1191 Ackubo

367 1228 529 1329 Cuinnig
559 1236 725 1321 moritur.
755 1240 758 1245 ’
796 1238 988 1311 Roburtoc
1002 1262 1081 1312 mac
1098 1236 1233 1310 Flar'nn
1250 1235 1375 1309 Abbas
1393 1235 1573 1332 Donar'glr
1599 1260 1697 1310 moer
1721 1236 1941 1313 moritur-

365 1355 511 1431 Dunud
525 1358 562 1430 di
577 1355 696 1433 Grau
712 1360 816 1433 Atha
831 1350 957 1434 ctiam
973 1383 1014 1434 oe
1025 1359 1226 1435 Cluunoiblr
1245 1383 1293 1432 un
1312 1358 1443 1433 tobuir.
1477 1357 1736 1452 [Munimentu
1751 1359 1941 1461 Alienige-

364 1503 497 1552 narum
517 1480 689 1556 Dublinii
710 1482 808 1579 apud
829 1482 952 1558 Cluen
970 1509 1018 1557 cm
1033 1485 1148 1574 robur,
1178 1483 1202 1556 i.
1222 1507 1252 1558 e.
1271 1481 1369 1582 apud
1389 1506 1568 1557 recessum
1584 1483 1728 1578 fontiu]

364 1602 433 1678 flu.
461 1601 555 1679 Dm
571 1606 608 1686 tl
625 1609 662 1681 h.
691 1600 915 1680 Cattal'mac
926 1609 1061 1681 Ailello
1075 1632 1140 1681 rex
1156 1620 1332 1705 nepotum
1347 1608 1490 1697 Moine,
1510 1606 1775 1683 Ferrdomnoelr
1786 1609 1940 1711 sapiens,

364 1739 402 1798 et
419 1725 545 1799 Scriba
562 1727 724 1825 optimus
740 1731 978 1821 Ardmoclrue,
1001 1732 1205 1807 Conmtact
1232 1756 1312 1804 mor·
1345 1752 1423 1802 mue
1456 1728 1633 1826 Corcroig
1663 1725 1729 1804 rex
1763 1741 1942 1829 nepotum
1998 1773 2001 1779 ·

364 1846 503 1923 Britain
521 1849 760 1923 dormierunt.
815 1851 991 1950 Orggoin
1023 1854 1203 1927 Bairlicee
1234 1855 1278 1927 do
1312 1851 1477 1926 Gemrtib
1511 1852 1750 1949 [Devustatio
1767 1852 1942 1926 Basliccae

363 1995 427 2068 per
445 1973 641 2066 Gentiles]
692 1975 804 2048 Niull
818 1998 897 2047 mue
913 1976 1041 2049 Aedlzu
1060 1999 1125 2051 rex
1144 1975 1294 2048 Temno
1311 1974 1412 2068 [Rex
1428 1974 1626 2067 Temoriae]
1649 1973 1830 2049 mersione
1844 1997 1941 2048 mor·

364 2110 450 2168 tuus
461 2107 526 2169 est.
551 2097 837 2171 Maelduinmac
851 2096 998 2171 Conaill
1008 2123 1074 2171 rex
1087 2096 1301 2171 Culatroma
1309 2095 1508 2195 jugulatus
1526 2108 1581 2171 est
1599 2095 1940 2196 aLageniensibuu

364 2219 479 2294 Niull
509 2246 588 2295 mac
617 2217 866 2318 Cinrffaeladlr
903 2219 988 2292 Rex
1011 2232 1189 2316 nepotum
1216 2219 1415 2314 Fidgermti
1432 2221 1599 2295 moritur.
1654 2220 1745 2294 Bell.
1752 2217 1829 2317 for
1846 2220 1942 2297 con·

363 2342 497 2415 naehta
512 2366 553 2416 re
566 2341 729 2428 Grrlluib,
764 2339 952 2433 [Praelium
970 2352 1102 2413 eontra
1121 2337 1426 2415 Connachtenses
1442 2355 1590 2439 gestum
1611 2341 1658 2415 ab
1683 2341 1943 2440 Alienigeniu]

363 2464 401 2537 in
421 2488 497 2560 quo
514 2463 642 2559 Rigan
659 2484 737 2536 mac
752 2462 925 2559 Ferguro,
946 2475 985 2536 et
1001 2461 1193 2559 Moglrrorr
1222 2487 1300 2536 mac
1317 2464 1529 2552 Diurmotru
1549 2475 1587 2537 et
1613 2464 1697 2537 Aed
1727 2470 1811 2538 mae
1824 2461 1941 2539 Cath-

363 2585 557 2683 raunuiglu
578 2585 695 2659 etalii
712 2585 822 2658 multi
840 2585 1066 2659 ceciderunt.
1096 2586 1286 2661 Roiuiudh
1305 2588 1342 2659 lu
1359 2585 1565 2682 Tigernact
1578 2581 1652 2681 sor
1667 2583 1943 2662 Maelseclmull

362 2721 386 2791 7
391 2708 469 2807 sor
485 2712 625 2797 Ruacc,
654 2707 841 2803 [Victoria
856 2720 960 2806 parta
976 2708 1309 2807 aTigernaeho.de
1327 2705 1620 2783 Maeisechnullo
1637 2707 1739 2782 etde
1757 2707 1951 2803 Ruacoor}

363 2832 402 2906 in
421 2857 497 2927 quo
515 2830 735 2925 [conflictu]
767 2830 949 2904 trucidati
977 2844 1067 2904 sunt
1097 2830 1224 2904 multi..
1271 2831 1506 2905 Mundhact
1537 2856 1616 2906 moe
1645 2832 1781 2908 Fluinn
1814 2832 1941 2908 Abbru

361 2954 594 3028 Monirtreeh
609 2954 720 3029 Betiti
730 2966 899 3029 mortuus
915 2967 987 3029 est..
1032 2952 1221 3028 Forinnan
1238 2953 1366 3027 Abbas
1384 2954 1629 3029 Airdmaehac
1653 2956 1884 3031 dutiachtuirr
1901 2980 1941 3030 o

363 3078 476 3152 riribt
494 3077 696 3152 Mumltain.
709 3102 750 3151 co
766 3077 925 3150 minnait
942 3077 1138 3152 Pudruicc.
1163 3077 1378 3172 [Forannan
1391 3077 1517 3151 Abbas
1536 3077 1822 3154 Ardruaehauus
1835 3079 1941 3155 veuit

360 3199 400 3274 iu
418 3201 585 3300 regiones
602 3200 807 3274 Momoniae
825 3225 912 3274 cum
927 3199 1108 3297 Reliquiis
1123 3200 1156 3272 S.
1169 3199 1351 3294 Patricii.]
1367 3200 1522 3300 Coirpre
1534 3225 1615 3276 mue
1631 3200 1941 3302 ColmainAbbut

361 3325 398 3398 A
402 3325 466 3398 tha
484 3326 519 3398 Τ
514 3326 610 3398 ruim
627 3325 767 3420 [Ahbas
783 3324 868 3398 vadi
887 3323 1145 3418 Trimmensit]
1166 3322 1337 3398 moritur.
1389 3322 1554 3424 Conuiug
1573 3322 1943 3423 mac‘Ferdomlmuig·

360 3447 485 3523 Abbas
501 3449 716 3549 Domhnoig
733 3449 913 3524 Patraicc
930 3447 1099 3526 moritur.

358 3571 427 3650 fin·
453 3570 549 3650 mm
563 3575 601 3658 11
618 3574 669 3652 ui.
721 3570 994 3648 Feidlrlimidlr
982 3595 1015 3647 rc
1034 3570 1222 3648 Crimtain
1248 3571 1330 3647 Rex
1345 3568 1546 3646 Mumhur'n
1574 3570 1737 3670 optimus
1753 3570 1941 3668 pausavit,

360 3691 495 3781 Scriba,
515 3706 553 3766 et
580 3693 770 3772 Ancorita.
799 3696 891 3769 Moe
893 3690 1084 3772 lrechnuill
1096 3720 1175 3770 mae
1192 3696 1465 3793 Maelruarroig
1481 3719 1634 3793 regnare
1648 3694 1791 3792 incipit.
1821 3695 1939 3792 Togul

361 3810 455 3883 inuri
473 3812 597 3887 Locha
613 3816 902 3890 muinnremlroir
931 3819 968 3890 la
999 3815 1284 3892 Muelreelr'n'uill
1295 3813 1374 3913 for
1390 3815 1494 3913 fiunl
1492 3840 1536 3889 ac
1561 3838 1642 3887 mar
1667 3815 1705 3887 di
1720 3838 1766 3887 m.
1781 3815 1841 3888 aih
1859 3813 1937 3890 bair

361 3931 541 4029 Lur'ghne,
560 3948 583 4014 7
601 3933 759 4034 onlong,
776 3937 929 4012 robatur
943 3962 983 4013 oc
996 3938 1166 4014 indruidh
1180 3962 1229 4012 ua
1244 3937 1363 4027 ruath,
1387 3961 1488 4012 more
1503 3935 1712 4037 gentilium.
1746 3935 1937 4012 Roiuiudlr

356 4262 401 4335 (1)
410 4265 428 4295 ‘⁴
443 4261 602 4340 Turgeriur,
626 4266 698 4323 urbe
720 4263 902 4321 Ardmrcana
915 4274 1067 4341 occupatu,
1080 4265 1255 4324 Ferarum
1268 4266 1433 4335 Primnum,
1447 4282 1580 4324 unacum
1593 4263 1725 4324 omnibus
1740 4262 1887 4348 Religiorir
1902 4272 1941 4323 et.

357 4357 488 4416 studiosis
502 4359 567 4416 inde
580 4360 705 4438 expulsit
715 4378 789 4417 anuo
803 4359 890 4418 848.”
912 4358 1006 4418 Urrer.
1017 4360 1157 4420 Primord.
1170 4382 1198 4440 p.
1211 4365 1299 4426 1174.
1330 4360 1414 4419 Erret
1426 4369 1521 4419 eutem
1534 4361 1588 4419 Vir
1597 4359 1714 4430 doctum
1726 4360 1847 4437 triginta
1856 4359 1933 4419 euim

359 4455 425 4511 unni
439 4455 609 4533 Tymnnidis
634 4455 821 4535 Turgerirnae,
840 4459 878 4515 rb
894 4473 971 4514 auno
985 4462 1042 4516 815
1061 4456 1226 4517 derumeudi
1248 4467 1324 4528 eunt,
1342 4465 1376 4515 ut
1398 4464 1478 4532 putet
1498 4476 1536 4515 ex
1559 4474 1634 4515 enno
1647 4455 1713 4515 hoc.
1752 4452 1827 4512 vide
1846 4471 1942 4532 supra⁴

360 4557 419 4606 uot.
435 4551 471 4608 ad
485 4571 552 4612 aun.
564 4558 633 4624 838,
648 4559 717 4623 839,
740 4572 832 4631 neque
852 4552 1066 4613 confundendus
1088 4563 1132 4612 est
1149 4552 1257 4632 primur
1276 4553 1411 4632 appulsus
1423 4551 1580 4625 Daturum,
1604 4571 1671 4613 euru
1695 4549 1787 4628 pn'mo
1810 4547 1934 4626 appulsu

362 4641 501 4719 Turgerir'.
541 4647 640 4720 Porro,
653 4649 781 4708 fabulum
794 4649 875 4709 olent
887 4667 960 4728 quae,
975 4649 1010 4708 de
1033 4659 1124 4709 morte
1138 4648 1275 4727 Tur-gerii,
1302 4668 1321 4708 e
1336 4655 1372 4709 15
1387 4649 1489 4727 pueliir
1513 4646 1663 4718 interfecti,
1678 4645 1766 4704 refert
1783 4641 1942 4717 uirum,

359 4735 481 4816 Topogr.
499 4739 566 4802 Hib.
576 4743 650 4806 Diu.
661 4751 691 4819 8,
706 4752 832 4821 c.4,41,
848 4754 878 4807 et
891 4747 967 4826 apud
979 4745 1124 4817 Woroermr,
1140 4746 1238 4825 Antiq.
1252 4766 1282 4825 p.
1296 4752 1362 4818 104,
1376 4756 1407 4808 et
1418 4744 1593 4823 Keatr'ngnm
1600 4741 1678 4804 Hirt.
1688 4759 1717 4819 p.
1726 4744 1798 4800 4280

1162 4845 1208 4897 Η
