4446 6000
313 466 381 575 66
410 554 414 579 .
738 493 998 591 nausias
1025 497 1427 607 rnronrnnsns.

311 688 424 764 hodie
440 680 679 777 Dunbarton]
694 683 860 757 moritur.
883 680 945 776 (1)
981 682 1151 756 Huidren
1170 679 1302 779 Campi
1322 681 1404 754 Bile
1427 680 1666 774 [Monasterii
1684 679 1822 785 Campi
1831 675 1894 762 ar·

313 810 411 885 boris
428 807 737 901 Monumentarii]
762 806 915 905 quievit.
936 804 998 900 (2)
1053 804 1189 877 Obitus
1205 803 1363 876 Croaor‘rr
1383 804 1486 875 holm.
1507 805 1650 900 [balbi]

313 931 384 1014 flu.
413 929 471 1006 ms
488 947 526 1012 rt
541 932 592 1007 is.
639 929 720 1003 Kal.
739 929 761 1004 J
767 954 825 1001 an.
840 929 887 1002 vi.
902 927 968 1002 fer.
988 929 1063 1000 lun.
1083 951 1120 999 x.
1181 925 1398 999 Fiat-necleta
1431 948 1495 997 rex
1513 928 1654 1015 Temro,
1688 943 1726 1004 et
1760 931 1899 1008 Bresal

316 1055 413 1127 filius
431 1079 458 1127 s.
476 1051 595 1147 [snus]
605 1051 772 1150 jugulati
789 1066 887 1139 sunt,
908 1054 943 1124 ’ξ’
961 1075 1008 1124 un
1027 1049 1210 1125 Gbreooll
1223 1048 1331 1137 dlroll,
1358 1049 1437 1142 [i.e.
1453 1049 1550 1147 apud
1576 1053 1812 1150 Greaildoll,]
1847 1058 1894 1133 ab

315 1179 398 1251 Aer
426 1199 479 1249 mc
500 1174 690 1271 Dlutuiglr
709 1188 746 1247 et
763 1199 785 1246 a
803 1174 1008 1270 Congalacb
1029 1170 1339 1266 m.cona1·ng,mc
1365 1170 1460 1243 Aide
1475 1171 1606 1246 Slur'rre.
1631 1175 1689 1269 (3)
1742 1176 1895 1253 Occisio

314 1303 454 1396 Taiddg
480 1324 535 1402 mr
552 1300 675 1374 narrt
690 1300 727 1370 in
759 1300 853 1372 valle
868 1297 964 1372 Pell.
1019 1295 1137 1379 Quies
1164 1295 1239 1365 min
1267 1294 1408 1367 Bairen
1437 1296 1553 1391 [parvi
1571 1295 1717 1391 Bareni]
1740 1301 1898 1376 Abbatis

316 1423 474 1498 Aeliobo.
512 1421 639 1497 Gaimr'
655 1422 701 1494 de
717 1419 904 1518 Lugmaid
929 1416 1116 1491 dormivit.
1173 1416 1277 1488 Mors
1293 1416 1389 1488 Brirr
1406 1442 1460 1491 mc
1471 1421 1619 1494 Conaill
1635 1422 1721 1497 diet.
1738 1423 1901 1523 [parvi]

314 1551 468 1627 Tomnat
486 1571 582 1622 uxor
598 1546 773 1620 Ferebair
787 1542 953 1615 moritur.
1007 1540 1111 1612 Mors
1127 1537 1273 1613 Conoill
1286 1539 1351 1612 filii
1373 1542 1529 1616 Tuatail.

315 1673 384 1751 fitt-
403 1671 462 1747 &t
479 1677 573 1754 ttb.
641 1666 664 1739 J
671 1665 839 1762 ugulatio
863 1662 1080 1736 Donrlmailt
1109 1661 1176 1735 filii
1211 1661 1361 1736 Corraill
1391 1664 1674 1739 Crorrdambnoi.
1696 1665 1758 1762 (1)
1801 1669 1894 1744 Fin-

311 1796 429 1893 guirre
447 1819 489 1866 m.
512 1794 569 1869 Cu
586 1816 650 1865 een
673 1790 840 1878 mathair,
874 1787 1074 1885 [Finguine
1106 1787 1204 1860 filius
1232 1788 1335 1860 canis
1353 1788 1432 1861 sine
1448 1789 1592 1882 matre]
1623 1815 1688 1863 rex
1706 1793 1895 1867 Munrhan

315 1914 483 1990 moritur.
538 1914 678 2010 Fergal
694 1913 817 1995 Ardae
844 1923 882 1984 et
912 1910 1121 1985 Fianumail
1147 1936 1203 1985 mc
1220 1913 1423 1986 Merrrrrraic
1441 1914 1660 1987 moriuntur.
1691 1914 1920 1995 ‚tarent

315 2039 461 2138 sapiens
495 2037 622 2110 Abbas
657 2035 750 2110 ciue
777 2037 865 2107 doro
885 2032 1082 2131 jugulatus
1112 2048 1177 2106 est.
1244 2033 1435 2109 Cummene
1469 2037 1685 2132 Magdorne
1702 2052 1895 2135 pausat--

305 2160 521 2256 'Congalairr
539 2184 593 2235 mc
610 2159 761 2255 Conaig,
780 2157 845 2230 fiiii
863 2157 1046 2256 Corrgaile,
1068 2157 1133 2229 filii
1152 2157 1251 2233 Aedo
1265 2158 1388 2232 Slar'rre
1405 2157 1571 2232 moritur.
1625 2159 1826 2257 Loingseclr
1841 2181 1896 2233 mc

317 2285 493 2382 Aengum
509 2306 661 2381 regnare
676 2280 818 2381 incipit.
1920 2283 1924 2291 '

313 2409 383 2488 flu.
412 2405 470 2484 ms
486 2426 525 2491 tt
543 2408 597 2483 bt'.
650 2406 805 2480 Turario
824 2403 870 2478 de
888 2423 1006 2502 regno
1025 2406 1202 2501 expulsus
1219 2416 1285 2480 est.
1333 2403 1498 2480 Ferchar
1510 2401 1605 2501 sota
1628 2405 1795 2504 [longus]
1812 2430 1892 2481 mo·

315 2531 420 2632 ritur.
441 2530 504 2626 (5)
547 2531 782 2606 adomnanus
810 2527 856 2599 ad
885 2527 1101 2600 Hiberniam
1126 2528 1258 2625 pergit,
1278 2541 1315 2600 et
1346 2529 1450 2602 dedit
1481 2530 1598 2624 legem
1633 2527 1893 2602 innocentium

312 2655 469 2754 populis.
492 2654 551 2747 (6)
602 2653 737 2727 Euclea
763 2676 876 2749 nepos
906 2649 1125 2725 Domlrnaill
1151 2650 1351 2750 jugulatus
1381 2666 1449 2726 est.
1502 2647 1796 2749 Mueljbtartar‘g
1838 2677 1895 2730 mc

313 2775 512 2850 Moeldur'b
528 2799 593 2849 rex
610 2800 659 2850 na
688 2775 902 2871 Nuirg·ialla
920 2774 1150 2875 [Airgialliae]
1178 2789 1346 2849 mortuus
1376 2792 1443 2849 est.
1499 2767 1663 2852 Imorucc
1695 2775 1894 2868 Crunrlrue,

319 2896 511 2992 [Praeiium
531 2896 806 2990 Crancbeenre,]
834 2896 898 2969 ubi
930 2898 1068 2971 cecidit
1082 2897 1260 2973 Feredoclr
1277 2923 1354 2973 mac
1382 2900 1594 2972 Maeledoit.
1647 2900 1789 2973 Bellum
1808 2901 1897 2976 Jul-

312 3020 481 3118 con...(7)
498 3045 616 3096 omres
632 3045 687 3096 mc
705 3020 882 3119 Congaile
897 3046 951 3095 mc
966 3021 1120 3109 Guarie,
1143 3024 1298 3119 Molr'rrg
1317 3023 1490 3096 Luaclrra
1507 3023 1693 3096 dormivit.
1724 3022 1896 3096 Britones

315 3213 1893 3252 W·—

312 3368 367 3416 sut
392 3357 428 3413 de
448 3356 509 3414 ulio
525 3375 590 3430 rege
617 3356 770 3413 Scotorum
790 3354 919 3412 Albania
940 3366 1022 3413 extat
1044 3356 1073 3413 in
1088 3357 1248 3416 Cumminei
1276 3376 1360 3433 opere
1378 3359 1455 3418 edito
1477 3378 1495 3415 a
1512 3359 1772 3434 colgrino-Idem
1799 3359 1898 3416 asserit

316 3452 504 3511 Malduinum
526 3470 578 3507 non
591 3451 686 3527 jirisse
695 3451 791 3527 filium
804 3450 923 3517 Coralli,
941 3452 1009 3512 ibid.
1049 3455 1090 3512 At
1109 3453 1242 3529 expressit
1254 3454 1342 3510 verbis
1361 3454 1494 3530 inquiunt
1509 3454 1538 3512 hi
1554 3455 1677 3512 Annales
1691 3454 1728 3510 ad
1740 3473 1806 3510 ann.
1822 3449 1892 3511 688.

317 3551 337 3580 “
351 3546 434 3603 Mors
448 3545 592 3602 Moledrrin
605 3547 631 3602 t'c
641 3544 749 3603 Conoill
761 3543 945 3607 Crurrorrmu.”

314 3643 359 3715 (1)
378 3641 492 3698 Atctuid
508 3641 528 3699 i.
541 3660 567 3699 e.
589 3642 684 3717 Rupes
697 3642 818 3699 fluminis
831 3642 937 3710 Clodii,
952 3661 1000 3700 seu
1016 3641 1128 3713 Cloelia,
1147 3645 1232 3702 hodie
1246 3643 1423 3702 Dunburtoa.
1447 3644 1564 3701 Adamn.
1577 3643 1596 3699 l.
1616 3651 1642 3710 1,
1656 3662 1682 3700 c.
1700 3647 1747 3701 15.
1791 3640 1859 3699 Bed.
1872 3641 1892 3712 l,

318 3747 345 3808 1,
360 3758 386 3798 c.
404 3747 429 3810 1,
443 3749 473 3796 et
488 3743 544 3806 12;
566 3749 595 3796 et
607 3737 625 3795 l.
637 3747 667 3806 4,
681 3758 706 3797 c.
723 3735 771 3796 26.
793 3738 918 3797 Glossnr.
934 3739 1052 3820 Toprogr.
1064 3761 1134 3799 voce
1148 3741 1269 3798 Alrlur'd.
1283 3756 1312 3798 et
1325 3750 1384 3797 not.
1400 3745 1428 3808 1,
1440 3741 1476 3796 ad
1490 3759 1556 3797 ann.
1569 3733 1639 3809 672,
1662 3738 1730 3796 item
1740 3757 1807 3796 ann.
1823 3733 1895 3806 657,

315 3820 386 3906 693,
398 3839 506 3898 ε1710.
548 3836 610 3892 Arx
631 3846 693 3892 erat
709 3833 902 3904 Ηίὀενπονιιηι,
917 3837 1092 3912 temporibus
1116 3839 1145 3894 S.
1157 3834 1502 3902 Columbae-—Briwrrmm
1517 3834 1691 3911 temporibus
1707 3833 1798 3898 Beda,
1817 3836 1893 3891 unde

314 3931 497 3989 Dan-burton
513 3929 654 3987 recentior
668 3940 721 3996 est,
731 3929 844 3986 Alcluid
859 3932 1012 4007 antiquior.
1035 3934 1071 3989 V.
1089 3932 1250 3989 Bollandum
1262 3932 1319 3989 vita
1331 3930 1360 3988 S.
1372 3929 1534 4004 Kentigerni
1550 3945 1571 3988 t.
1590 3939 1615 3999 1,
1626 3930 1688 3989 Jan.
1710 3937 1754 3989 13.
1775 3928 1897 3988 Cumden

314 4028 431 4102 Gougb.
442 4033 472 4096 3,
483 4047 511 4103 p.
522 4032 590 4095 213,
601 4039 630 4082 et
645 4026 775 4083 Horeden
786 4047 852 4084 ann.
864 4024 933 4089 756.
975 4031 1020 4098 (2)
1043 4029 1078 4086 V.
1090 4028 1216 4085 Glossor.
1234 4025 1336 4102 Topgr.
1347 4043 1416 4082 voce
1429 4023 1580 4100 Maghbr'le.

314 4125 357 4191 (3)
376 4128 395 4155 “
410 4123 464 4178 Per
479 4122 540 4180 ned
555 4142 599 4181 mc
618 4123 745 4200 Dlutaig,
759 4142 803 4182 mc
825 4124 937 4192 Ailella,
954 4141 998 4181 mc
1012 4124 1151 4199 Conaing,
1173 4141 1219 4180 mc
1231 4123 1311 4179 Aedo
1326 4121 1431 4190 Siaino,
1445 4134 1474 4175 et
1487 4121 1677 4195 aCongalarb
1693 4138 1738 4177 mc
1754 4118 1893 4191 Conaing,

198 4248 201 4253 ·
316 4221 398 4272 “mc
420 4217 501 4272 Aedo
525 4217 645 4276 Sirine.”
697 4220 768 4277 Cod.
783 4220 918 4278 Clarend.
932 4225 981 4287 49.
1035 4219 1076 4276 IV
1100 4217 1241 4293 Magistri
1262 4217 1394 4294 inquiunt
1415 4217 1450 4272 ad
1476 4212 1622 4284 ann.b'93.
1665 4214 1742 4271 “Lu
1767 4214 1830 4269 Aod
1852 4231 1894 4269 mc

316 4317 337 4346 ‘⁴
352 4310 485 4385 Dlrrtor'g,
505 4329 546 4366 me
559 4311 680 4381 Astreus,
693 4333 734 4370 mc
745 4315 845 4371 Aodho
857 4314 951 4372 Sloirrc
964 4314 1083 4371 toiseoclr
1094 4313 1216 4382 Fer-cul,
1225 4335 1295 4391 agur
1308 4317 1335 4371 lo
1346 4311 1503 4388 Congolacd
1513 4332 1554 4369 me
1563 4311 1688 4386 Conring
1701 4329 1741 4367 mc
1753 4297 1894 4382 Congailess

318 4413 338 4443 “
353 4402 394 4464 nic
411 4405 511 4463 'Audin
524 4404 644 4462 staine.”
684 4407 848 4466 Concordat
862 4428 926 4468 cum
943 4411 985 4468 IV
1003 4410 1144 4484 Magistris
1160 4409 1326 4486 Tigernuc't.

314 4508 362 4578 (4)
387 4505 432 4561 De
448 4499 613 4559 Dominullo
628 4498 697 4555 donn
710 4500 767 4556 filio
778 4502 888 4559 Conalli
905 4502 1125 4563 Crunndlromno.
1180 4506 1246 4562 Vid.
1262 4515 1311 4561 not
1331 4506 1367 4561 nd
1381 4523 1447 4561 ann.
1457 4499 1527 4572 693.

316 4603 362 4673 (5)
384 4599 492 4657 Confer
505 4609 564 4658 not.
579 4598 743 4674 praedictam
757 4598 792 4654 ad
806 4616 872 4655 ann.
883 4595 952 4668 693,
967 4616 1033 4655 cum
1046 4613 1104 4656 not.
1119 4601 1154 4657 ad
1169 4619 1235 4656 ann.
1250 4595 1320 4667 697,
1334 4596 1403 4667 699,
1413 4612 1442 4655 et
1453 4604 1523 4665 718,
1538 4599 1572 4655 dr.
1592 4591 1714 4667 Regibus
1729 4590 1873 4648 Albania.

319 4692 366 4766 (6)
387 4696 419 4753 In
433 4695 649 4755 Cod.Clarend.
660 4699 710 4762 49,
725 4711 777 4770 pro
788 4697 807 4725 “
818 4692 856 4748 ud
868 4693 1049 4749 Hiberninm''
1063 4698 1244 4760 substituitur
1255 4694 1284 4751 in
1296 4697 1419 4770 margine
1434 4700 1453 4726 “
1464 4697 1498 4751 ad
1516 4693 1568 4750 Hit'
1582 4687 1727 4753 insulorrr‚”
1754 4688 1800 4742 sed
1819 4705 1896 4743 men·

319 4792 398 4859 dose,
412 4801 441 4847 et
453 4811 533 4848 manu
545 4791 705 4849 recentiore.
748 4791 793 4847 Do
805 4789 966 4848 Adamnani
980 4789 1083 4849 itinere
1096 4792 1134 4848 od
1158 4791 1190 4847 11
1192 4790 1320 4849 iserniam
1334 4802 1368 4847 ut
1390 4789 1474 4846 ritum
1490 4788 1637 4846 Pascbatis
1663 4803 1742 4840 more
1766 4782 1896 4840 Romano

317 4887 498 4943 emendatum
512 4886 550 4943 ibi
565 4887 713 4956 stabiliret,
727 4887 784 4964 agit
798 4886 874 4943 Beda
884 4886 905 4944 l.
917 4890 946 4955 5,
959 4904 985 4942 c.
1000 4880 1047 4944 16.
1088 4886 1156 4945 Vid.
1167 4904 1253 4962 supra
1264 4897 1320 4942 not.
1337 4887 1373 4942 ad
1385 4903 1453 4941 ann.
1465 4880 1536 4954 691,
1547 4897 1576 4942 et
1591 4882 1664 4941 mira
1674 4899 1740 4937 ann.
1751 4882 1820 4941 701.

316 4985 363 5059 (7)
386 4979 526 5052 Quaedam
539 4982 650 5041 dosunt.
675 4983 775 5043 Codex
788 4984 921 5044 clarend.
935 4989 976 5054 49
995 4981 1091 5044 habet.
1132 4986 1152 5016 “
1165 4980 1226 5042 set.
1251 4979 1486 5041 Uborecomrar
1505 4997 1568 5056 quae
1581 4980 1667 5056 plane
1680 4975 1816 5033 mendosa
1825 4978 1900 5031 sunt.
