4446 6000
365 487 426 575 12
810 500 1054 564 turritas
1086 496 1471 562 unrourmvsns.

358 687 427 767 sto.
445 683 485 762 m
503 691 557 770 th.
588 682 701 758 KatJ
706 707 762 756 an.
774 681 822 755 vi.
832 681 895 756 fer.
914 680 1194 754 lun.....Bellum
1209 671 1538 772 Dromadergesor
1558 674 1718 772 Fattgtt
1745 677 1935 772 [Pretium

357 807 688 905 Dromadergense,
721 830 784 880 seu
816 806 954 879 montis
985 803 1096 893 rubri,
1131 813 1262 876 contra
1294 799 1450 895 Fatgios,
1485 822 1548 871 seu
1572 799 1636 897 Hy
1655 800 1784 892 Falios,
1811 803 1934 880 dictos

358 930 537 1004 O'Conor
555 930 672 1027 Fam]
709 929 846 1003 Fiat-ha
864 928 986 1000 victor
1002 938 1088 1000 erat.
1142 922 1290 996 Deinde
1307 946 1457 1016 canipus
1476 922 1615 994 Midia
1635 921 1829 1020 Laigerteis
1847 928 1934 1000 sub.

359 1055 457 1127 latus
474 1065 539 1125 est.
582 1052 772 1125 Nativitas
788 1050 970 1146 Comguill
985 1046 1195 1121 Beunchuir
1209 1044 1412 1141 [Comgaili
1431 1043 1726 1140 Benchorensis.]

360 1179 430 1254 flu.
448 1173 488 1251 HD
505 1176 577 1258 rot
631 1175 714 1247 Kal.
734 1173 853 1247 Jan.i.
871 1171 1025 1244 fenlun.
1043 1169 1149 1242 xxiii.
1204 1167 1321 1250 Quies
1356 1168 1544 1241 Daret-cae
1575 1171 1657 1242 cille
1689 1171 1781 1245 slede
1810 1176 1921 1249 catilin

366 1297 591 1392 [Darerchae‚
620 1297 797 1371 Ecclesiae
829 1295 877 1368 de
894 1292 1016 1366 Sliabir
1036 1293 1176 1389 guden,
1201 1314 1265 1362 seu
1288 1288 1426 1362 montis
1451 1292 1605 1385 cullen]
1625 1293 1686 1367 die
1704 1305 1724 1368 3
1740 1295 1762 1368 J
1769 1297 1844 1370 ulii.
1869 1300 1931 1394 (t)

362 1423 433 1496 Vel
457 1421 631 1494 nativitas
651 1419 801 1494 Kiarani
823 1431 861 1492 et
886 1416 1029 1490 Bellum
1052 1415 1302 1508 Dromaderge
1318 1415 1353 1484 la
1369 1413 1506 1487 Fracta
1519 1439 1573 1487 mc
1592 1416 1638 1489 N
1639 1418 1700 1490 eill
1714 1417 1788 1517 sor
1809 1422 1937 1521 Fuilge

361 1546 566 1642 mbearaige
582 1543 670 1619 inde
697 1541 823 1639 Magis
842 1539 973 1615 Midlre
991 1534 1056 1634 (2)
1075 1563 1097 1610 a
1116 1535 1296 1634 Lagenies
1313 1535 1480 1609 sublatus
1494 1551 1560 1628 est,
1585 1553 1628 1613 ut
1646 1541 1846 1644 Caenmaet
1877 1573 1936 1622 ee·

364 1669 467 1745 cinit.
491 1668 554 1765 (3)

513 1794 635 1890 Digtd
648 1794 705 1866 diu
720 1790 850 1868 Seucht
867 1789 1008 1875 sibliae,
1028 1786 1103 1860 bosi
1120 1787 1223 1882 digde
1240 1809 1262 1858 a
1280 1785 1409 1874 ovidio,

513 1916 564 1990 Κ.
583 1918 620 1987 in
637 1913 819 1988 dromaibd
836 1911 1039 2008 dergaiglie‚
1061 1910 1146 1982 bade
1160 1912 1202 1982 do
1218 1933 1300 1981 eeor
1316 1909 1423 2004 mogh
1443 1910 1583 1986 Midlte.

512 2037 694 2111 Vindicta
709 2048 792 2134 post
807 2047 944 2132 septem
962 2057 1088 2120 annos,
1109 2045 1186 2104 erat
1205 2030 1274 2103 ista
1288 2031 1383 2104 uitio
1393 2033 1525 2124 cordis,

514 2159 686 2234 Praelium
704 2159 742 2233 in
757 2157 947 2231 montibus
962 2155 1090 2242 rubris,
1112 2144 1211 2227 unde
1229 2167 1370 2228 vastata
1384 2170 1439 2230 est
1457 2161 1627 2255 planities
1645 2163 1784 2242 Midiae.

365 2288 435 2366 nit
453 2283 598 2368 mliii.
628 2283 710 2356 Kal.
729 2283 813 2356 Jan.
829 2281 864 2354 ii.
884 2280 948 2354 fer.
968 2282 1045 2352 lun.
1060 2280 1108 2352 iv.
1153 2280 1368 2352 Anastasius
1388 2280 1591 2379 Imperator
1609 2288 1801 2365 subitanea
1820 2307 1939 2372 morte

364 2421 562 2507 preventus
580 2419 645 2481 est.
698 2403 821 2504 Major
836 2403 1074 2502 octagenario
1103 2403 1220 2501 periit.
1274 2402 1462 2500 Regnavit
1485 2409 1595 2483 annis
1612 2414 1731 2504 xxvii,
1752 2419 1939 2494 mensibus

363 2531 521 2621 duobus,
542 2543 580 2604 et
592 2529 722 2603 diebus
740 2527 848 2602 xxix.
872 2525 934 2623 (t)

364 2654 435 2732 fln-
453 2649 493 2729 ib
506 2653 609 2737 sitit
641 2651 722 2750 Kal.
739 2650 762 2723 J
767 2675 824 2723 au.
835 2649 886 2722 iii.
898 2647 963 2722 fer.
984 2650 1060 2721 lun.
1081 2672 1144 2720 xv.
1178 2646 1369 2722 Nativitas
1386 2649 1524 2726 Coiuim
1542 2655 1605 2726 till
1626 2629 1837 2750 [Columbae
1852 2660 1939 2736 fun-

365 2773 505 2848 datoris
523 2772 790 2865 Ecclesiarum]
813 2770 942 2845 eodem
960 2769 1021 2843 die
1036 2795 1111 2865 quo
1130 2770 1230 2843 Bate
1248 2795 1325 2843 mac
1343 2772 1509 2872 Bronoig
1546 2776 1704 2871 [Buteus
1723 2781 1821 2858 filius
1851 2784 1940 2861 Bro-

364 2897 485 2996 nagii]
509 2896 695 2970 dormivit.
743 2895 860 2980 Quies
876 2894 1042 2970 Dareree
1056 2916 1128 2990 que
1146 2894 1325 2968 Moninne
1341 2899 1535 2971 nominata
1551 2915 1615 2972 est.
1639 2902 1700 2996 (5)

368 3215 407 3277 du
421 3217 647 3276 Roi'l’heodoric
661 3236 734 3294 pour
748 3226 825 3275 cette
839 3215 973 3275 electiori.
1015 3214 1040 3271 11
1056 3224 1169 3272 mourut
1182 3211 1249 3272 l'an.
1271 3217 1341 3285 523,
1359 3232 1440 3290 apres
1457 3233 1496 3271 un
1511 3215 1709 3275 Pontificntde
1730 3219 1767 3276 ix.
1786 3223 1863 3282 ans.''
1885 3225 1942 3291 dte,

368 3311 471 3368 Artde
480 3311 520 3370 V.
530 3313 568 3368 ta
578 3311 665 3381 dates,
679 3332 708 3388 p.
720 3311 807 3379 239.”
848 3310 954 3368 Confer
968 3309 1117 3367 Blsnehini
1132 3320 1213 3366 notas
1226 3309 1263 3366 ad
1275 3314 1405 3368 Anastas.
1420 3309 1622 3369 Bibliothecar.
1640 3324 1661 3372 t.
1678 3320 1707 3384 3,
1719 3334 1747 3391 p.
1760 3323 1829 3386 229.

368 3408 413 3478 (1)
423 3405 479 3464 Die
488 3406 518 3464 iii
530 3406 603 3465 dudi
614 3407 695 3466 deest
707 3407 737 3463 in
749 3406 822 3464 Cod.
835 3405 918 3464 Bodl.
930 3405 1052 3463 habetur
1064 3407 1093 3462 in
1107 3405 1241 3464 Clarend.
1251 3412 1300 3473 49.
1343 3403 1412 3463 Vid.
1425 3422 1491 3462 ann.
1506 3411 1575 3463 518.

368 3503 413 3574 (2)
432 3501 524 3578 Maglt
542 3520 670 3580 campus.
685 3501 769 3559 Miile
787 3513 818 3559 et
838 3502 959 3578 amplius
976 3504 1013 3558 ab
1033 3500 1100 3558 binc
1113 3501 1204 3570 annis,
1219 3501 1297 3557 Beda
1315 3509 1346 3558 et
1358 3501 1510 3557 Adsmnan
1524 3500 1699 3579 interpretati
1713 3517 1778 3565 sunt
1797 3507 1944 3588 Darmoglt

369 3615 529 3674 quercuum
554 3616 681 3674 campus.
724 3597 756 3654 In
770 3597 799 3657 J.
818 3597 937 3655 Caesaris
959 3596 1178 3653 Commentariis
1191 3594 1283 3672 Magi
1307 3605 1350 3653 est
1366 3595 1479 3672 Magus,
1502 3595 1567 3653 hinc
1599 3597 1812 3679 Novio-mogus,
1836 3605 1943 3665 Retho-

369 3712 476 3771 anagm,
487 3704 516 3751 et
528 3692 557 3750 iu
570 3693 672 3770 Moyse
684 3691 886 3770 Magi-Pseu.
937 3693 1012 3751 Gen.
1025 3691 1108 3750 xxiii.
1124 3698 1170 3759 19.

369 3792 415 3864 (3)
435 3788 516 3850 Obiit
528 3786 679 3866 Cnotnfad
686 3807 754 3847 ann.
768 3792 837 3858 578,
851 3790 893 3846 uti
908 3790 1025 3846 trudunt
1037 3787 1164 3844 Annales
1177 3785 1345 3860 'iigomachi
1357 3797 1388 3844 et
1401 3787 1590 3849 Ultonienses.
1619 3789 1784 3867 Tigernacdi
1796 3801 1882 3857 verba
1908 3801 1945 3861 de

372 3884 429 3943 hoc
443 3886 542 3962 praelio
555 3895 631 3945 sunt.
674 3889 693 3917 “
708 3881 779 3942 Cart
792 3884 886 3943 dromo
897 3882 1087 3961 dergoigefvr
1099 3881 1190 3958 foilgt'
1203 3881 1345 3938 mbet'rride
1355 3883 1399 3940 ria
1413 3883 1562 3961 Ftactaigt
1581 3905 1624 3942 mc
1638 3888 1725 3961 ΝειἸΙ,
1747 3911 1810 3951 ocus
1822 3896 1947 3954 isandeo·

370 3979 476 4038 cattus
488 4001 521 4038 ro
531 3978 655 4039 Scaradd
668 3998 686 4036 α
699 3978 778 4037 catut
792 3978 984 4054 donmiddefri
997 3977 1116 4053 Iaighin
1134 3995 1165 4032 co
1176 3975 1309 4045 dirimens,
1319 3991 1352 4036 ut
1366 3976 1548 4055 Cendsueludd
1571 3985 1702 4053 cecinit,”
1713 3987 1770 4048 dvc.
1796 3993 1837 4048 uti
1851 4011 1945 4068 supra,

370 4074 519 4153 [Praelium
533 4076 774 4151 Dromadergense
787 4084 888 4134 contra
904 4075 1035 4150 Fulgeunr
1054 4072 1255 4148 Beirigiensem
1268 4088 1380 4148 gestum
1404 4095 1422 4133 a
1446 4075 1552 4134 Fiaclro
1564 4079 1622 4136 tilio
1638 4082 1735 4152 Neilli,
1759 4096 1788 4140 et
1801 4105 1852 4159 per
1861 4087 1947 4142 istum

372 4170 502 4247 praelium
516 4169 626 4226 divulsa
639 4179 682 4227 est
694 4188 713 4226 a
726 4170 850 4247 [agonia
862 4189 897 4227 oa
911 4171 987 4247 regio
1005 4187 1070 4245 quae
1084 4168 1221 4246 pertinuit
1233 4169 1269 4226 ad
1281 4170 1403 4230 Midiam
1417 4174 1556 4250 usquead
1577 4175 1711 4247 Ueneocd,
1724 4187 1756 4235 ut
1776 4178 1947 4236 Cendtaeisd

372 4261 500 4337 cecinit]
511 4263 567 4322 dvc.
1596 4319 1600 4326 .

370 4361 415 4433 (4)
435 4362 455 4392 “
469 4361 617 4428 Anastase,
630 4378 711 4435 apres
721 4361 749 4416 la
763 4371 839 4418 mort
852 4360 888 4418 de
907 4363 1015 4433 Zenon,
1035 4363 1080 4421 fut
1100 4359 1244 4422 couronnd
1256 4364 1283 4421 le
1300 4371 1333 4420 11
1347 4365 1505 4433 Avri149l,
1523 4372 1552 4420 et
1563 4373 1677 4422 mourut
1689 4365 1719 4421 la
1731 4364 1794 4421 nuit
1807 4365 1845 4422 du
1860 4373 1888 4436 8,
1910 4387 1948 4427 su

369 4455 505 4526 9Juittet
528 4460 597 4515 51⁸.
618 4474 698 4531 apres
717 4475 756 4514 un
776 4475 860 4533 regne
873 4456 908 4512 de
922 4460 959 4520 27
974 4475 1036 4525 ans,
1057 4465 1076 4516 ³
1100 4461 1182 4529 mois,
1207 4460 1297 4517 moins
1310 4459 1445 4535 quelques
1462 4457 1573 4532 jours.”
1594 4457 1687 4516 L'Art
1699 4459 1733 4516 de
1761 4458 1794 4516 V.
1811 4460 1848 4516 les
1861 4461 1948 4535 dates,

374 4572 403 4630 p.
418 4558 487 4610 40⁸.

371 4648 415 4718 (5)
436 4644 575 4715 Darerca,
583 4665 693 4722 nempe,
707 4645 742 4703 de
756 4643 814 4703 Cid
825 4643 911 4701 stede
923 4644 1016 4714 catilin,
1029 4644 1050 4703 i.
1061 4662 1087 4702 e.
1102 4644 1137 4702 de
1145 4646 1273 4704 Ecclesia
1286 4646 1395 4704 Montis
1416 4648 1533 4717 Gullen,
1544 4647 1573 4704 in
1584 4667 1651 4724 agro
1667 4649 1850 4722 Antrimensi,
1870 4673 1950 4715 soror

373 4751 435 4801 erat
448 4741 610 4811 S.Patricii‚
623 4741 744 4809 Joeelin,
758 4758 785 4798 c.
796 4746 844 4807 50,
854 4749 882 4795 et
895 4739 998 4796 Evinus
1011 4739 1087 4815 apud
1098 4741 1192 4799 Usser.
1207 4761 1236 4818 p.
1248 4748 1315 4800 825.
1358 4742 1443 4800 Filius
1456 4743 1519 4817 ejus
1530 4743 1644 4815 Riocdq
1669 4750 1688 4780 ‘¹
1703 4754 1793 4804 custos
1802 4758 1863 4806 erut
1873 4751 1949 4808 codi-

372 4855 434 4899 cum
447 4832 476 4900 S,
491 4833 638 4905 Potrici?
655 4835 779 4904 Jocetin
793 4839 900 4898 c.102.
930 4833 1078 4908 Restituti,
1099 4835 1215 4898 alterius
1229 4835 1363 4896 Dorcrcoe
1376 4838 1481 4910 mariti,
1495 4839 1545 4898 filii
1568 4852 1650 4901 erant
1674 4842 1811 4927 Episcopi
1824 4844 1951 4906 Setinod
