<?xml version="1.0" encoding="UTF-8"?>
<!DOCTYPE html PUBLIC "-//W3C//DTD XHTML 1.0 Transitional//EN"
    "http://www.w3.org/TR/xhtml1/DTD/xhtml1-transitional.dtd">
<html xmlns="http://www.w3.org/1999/xhtml" xml:lang="en" lang="en">
 <head>
  <title>
</title>
<meta http-equiv="Content-Type" content="text/html;charset=utf-8" />
  <meta name='ocr-system' content='tesseract 3.04.00' />
  <meta name='ocr-capabilities' content='ocr_page ocr_carea ocr_par ocr_line ocrx_word'/>
</head>
<body>
  <div class='ocr_page' id='page_1' title='image "./rerumhibernicar00tigegoog_0173.png"; bbox 0 0 4446 6000; ppageno 0'>
   <div class='ocr_carea' id='block_1_1' title="bbox 316 473 1573 582">
    <p class='ocr_par' dir='ltr' id='par_1_1' title="bbox 316 473 1573 582">
     <span class='ocr_line' id='line_1_1' title="bbox 316 473 1573 582; baseline -0.007 0"><span class='ocrx_word' id='word_1_1' title='bbox 316 473 417 582; x_wconf 82' lang='lat' dir='ltr'>ino</span> <span class='ocrx_word' id='word_1_2' title='bbox 700 502 1139 577; x_wconf 75' lang='lat' dir='ltr'>nnunrnrrnnes</span> <span class='ocrx_word' id='word_1_3' title='bbox 1182 502 1254 566; x_wconf 78' lang='lat' dir='ltr'>nn</span> <span class='ocrx_word' id='word_1_4' title='bbox 1296 500 1573 573; x_wconf 78' lang='lat' dir='ltr'>anovrrr.</span> 
     </span>
    </p>
   </div>
   <div class='ocr_carea' id='block_1_2' title="bbox 315 684 1900 978">
    <p class='ocr_par' dir='ltr' id='par_1_2' title="bbox 315 684 1900 978">
     <span class='ocr_line' id='line_1_2' title="bbox 315 684 1897 766; baseline -0.012 -8"><span class='ocrx_word' id='word_1_5' title='bbox 315 696 351 758; x_wconf 78' lang='lat' dir='ltr'>de</span> <span class='ocrx_word' id='word_1_6' title='bbox 373 695 542 756; x_wconf 82' lang='lat' dir='ltr'>Psalmodiae</span> <span class='ocrx_word' id='word_1_7' title='bbox 574 710 626 751; x_wconf 90' lang='lat' dir='ltr'>usu</span> <span class='ocrx_word' id='word_1_8' title='bbox 651 689 727 748; x_wconf 92' lang='lat' dir='ltr'>inter</span> <span class='ocrx_word' id='word_1_9' title='bbox 755 699 880 747; x_wconf 80' lang='lat' dir='ltr'>vetustos</span> <span class='ocrx_word' id='word_1_10' title='bbox 904 686 1046 744; x_wconf 88' lang='lat' dir='ltr'>Hibernos</span> <span class='ocrx_word' id='word_1_11' title='bbox 1073 684 1194 742; x_wconf 89' lang='lat' dir='ltr'>dicenda</span> <span class='ocrx_word' id='word_1_12' title='bbox 1219 684 1363 762; x_wconf 78' lang='lat' dir='ltr'>proposui,</span> <span class='ocrx_word' id='word_1_13' title='bbox 1396 689 1526 762; x_wconf 84' lang='lat' dir='ltr'>qnaedam</span> <span class='ocrx_word' id='word_1_14' title='bbox 1550 706 1608 766; x_wconf 74' lang='lat' dir='ltr'>pra</span> <span class='ocrx_word' id='word_1_15' title='bbox 1635 687 1725 747; x_wconf 77' lang='lat' dir='ltr'>nimia</span> <span class='ocrx_word' id='word_1_16' title='bbox 1759 690 1897 752; x_wconf 55' lang='lat' dir='ltr'>brevitate</span> 
     </span>
     <span class='ocr_line' id='line_1_3' title="bbox 315 789 1900 871; baseline -0.004 -12"><span class='ocrx_word' id='word_1_17' title='bbox 315 802 479 859; x_wconf 76' lang='lat' dir='ltr'>obscuriora</span> <span class='ocrx_word' id='word_1_18' title='bbox 499 801 678 864; x_wconf 86' lang='lat' dir='ltr'>videbuntur,</span> <span class='ocrx_word' id='word_1_19' title='bbox 705 813 757 871; x_wconf 91' lang='lat' dir='ltr'>pro</span> <span class='ocrx_word' id='word_1_20' title='bbox 784 811 906 870; x_wconf 88' lang='lat' dir='ltr'>quarum</span> <span class='ocrx_word' id='word_1_21' title='bbox 932 789 1133 856; x_wconf 75' lang='lat' dir='ltr'>illustratione,</span> <span class='ocrx_word' id='word_1_22' title='bbox 1156 790 1192 845; x_wconf 87' lang='lat' dir='ltr'>ad</span> <span class='ocrx_word' id='word_1_23' title='bbox 1209 789 1443 847; x_wconf 88' lang='lat' dir='ltr'>Dissertationem</span> <span class='ocrx_word' id='word_1_24' title='bbox 1466 792 1701 864; x_wconf 79' lang='lat' dir='ltr'>Proeliminarem,</span> <span class='ocrx_word' id='word_1_25' title='bbox 1734 795 1784 853; x_wconf 87' lang='lat' dir='ltr'>abi</span> <span class='ocrx_word' id='word_1_26' title='bbox 1805 798 1843 853; x_wconf 86' lang='lat' dir='ltr'>da</span> <span class='ocrx_word' id='word_1_27' title='bbox 1865 796 1900 855; x_wconf 68' lang='lat' dir='ltr'>s:</span> 
     </span>
     <span class='ocr_line' id='line_1_4' title="bbox 316 891 1357 978; baseline -0.015 -14"><span class='ocrx_word' id='word_1_28' title='bbox 316 905 431 965; x_wconf 79' lang='lat' dir='ltr'>Patricii</span> <span class='ocrx_word' id='word_1_29' title='bbox 456 901 645 978; x_wconf 78' lang='lat' dir='ltr'>chronologia</span> <span class='ocrx_word' id='word_1_30' title='bbox 667 899 796 967; x_wconf 83' lang='lat' dir='ltr'>disserui,</span> <span class='ocrx_word' id='word_1_31' title='bbox 813 897 960 954; x_wconf 79' lang='lat' dir='ltr'>hectorem</span> <span class='ocrx_word' id='word_1_32' title='bbox 995 891 1172 948; x_wconf 81' lang='lat' dir='ltr'>referendum</span> <span class='ocrx_word' id='word_1_33' title='bbox 1188 891 1357 949; x_wconf 85' lang='lat' dir='ltr'>existimavi.</span> 
     </span>
    </p>
   </div>
   <div class='ocr_carea' id='block_1_3' title="bbox 680 1089 1576 1140">
    <p class='ocr_par' dir='ltr' id='par_1_3' title="bbox 680 1089 1576 1140">
     <span class='ocr_line' id='line_1_5' title="bbox 680 1089 1576 1140; baseline -0.008 0"><span class='ocrx_word' id='word_1_34' title='bbox 680 1098 724 1140; x_wconf 69' lang='lat' dir='ltr'>DE</span> <span class='ocrx_word' id='word_1_35' title='bbox 747 1097 813 1137; x_wconf 76' lang='lat' dir='ltr'>USU</span> <span class='ocrx_word' id='word_1_36' title='bbox 838 1092 1074 1135; x_wconf 63' lang='lat' dir='ltr'>marathoniit</span> <span class='ocrx_word' id='word_1_37' title='bbox 1091 1090 1129 1130; x_wconf 69' lang='grc' dir='ltr'>ΙΝ</span> <span class='ocrx_word' id='word_1_38' title='bbox 1150 1089 1328 1130; x_wconf 71' lang='lat' dir='ltr'>utuntur</span> <span class='ocrx_word' id='word_1_39' title='bbox 1348 1090 1484 1132; x_wconf 69' lang='lat' dir='ltr'>SECULO</span> <span class='ocrx_word' id='word_1_40' title='bbox 1495 1092 1576 1134; x_wconf 81' lang='lat' dir='ltr'>vttt.</span> 
     </span>
    </p>
   </div>
   <div class='ocr_carea' id='block_1_4' title="bbox 314 1203 1997 4074">
    <p class='ocr_par' dir='ltr' id='par_1_4' title="bbox 314 1203 1997 4074">
     <span class='ocr_line' id='line_1_6' title="bbox 355 1203 1900 1287; baseline -0.002 -13"><span class='ocrx_word' id='word_1_41' title='bbox 355 1214 477 1284; x_wconf 87' lang='lat' dir='ltr'>Quodsi</span> <span class='ocrx_word' id='word_1_42' title='bbox 492 1214 586 1272; x_wconf 86' lang='lat' dir='ltr'>adbuc</span> <span class='ocrx_word' id='word_1_43' title='bbox 600 1212 764 1287; x_wconf 86' lang='lat' dir='ltr'>objiciatur,</span> <span class='ocrx_word' id='word_1_44' title='bbox 778 1208 925 1266; x_wconf 78' lang='lat' dir='ltr'>materiem</span> <span class='ocrx_word' id='word_1_45' title='bbox 944 1207 979 1263; x_wconf 90' lang='lat' dir='ltr'>ad</span> <span class='ocrx_word' id='word_1_46' title='bbox 1001 1203 1117 1278; x_wconf 82' lang='lat' dir='ltr'>Organa</span> <span class='ocrx_word' id='word_1_47' title='bbox 1131 1203 1362 1259; x_wconf 82' lang='lat' dir='ltr'>construendam</span> <span class='ocrx_word' id='word_1_48' title='bbox 1380 1203 1518 1262; x_wconf 82' lang='lat' dir='ltr'>Hibernia</span> <span class='ocrx_word' id='word_1_49' title='bbox 1531 1207 1662 1276; x_wconf 81' lang='lat' dir='ltr'>defuisse,</span> <span class='ocrx_word' id='word_1_50' title='bbox 1673 1207 1736 1282; x_wconf 88' lang='lat' dir='ltr'>quis</span> <span class='ocrx_word' id='word_1_51' title='bbox 1751 1227 1808 1266; x_wconf 87' lang='lat' dir='ltr'>non</span> <span class='ocrx_word' id='word_1_52' title='bbox 1823 1207 1900 1272; x_wconf 81' lang='lat' dir='ltr'>videt</span> 
     </span>
     <span class='ocr_line' id='line_1_7' title="bbox 316 1306 1899 1396; baseline -0.003 -18"><span class='ocrx_word' id='word_1_53' title='bbox 316 1320 389 1378; x_wconf 87' lang='lat' dir='ltr'>hanc</span> <span class='ocrx_word' id='word_1_54' title='bbox 404 1316 625 1396; x_wconf 78' lang='lat' dir='ltr'>propositionem</span> <span class='ocrx_word' id='word_1_55' title='bbox 638 1313 762 1389; x_wconf 82' lang='lat' dir='ltr'>indigere</span> <span class='ocrx_word' id='word_1_56' title='bbox 775 1321 807 1368; x_wconf 91' lang='lat' dir='ltr'>ut</span> <span class='ocrx_word' id='word_1_57' title='bbox 820 1318 934 1367; x_wconf 89' lang='lat' dir='ltr'>vetusta</span> <span class='ocrx_word' id='word_1_58' title='bbox 951 1306 1123 1365; x_wconf 85' lang='lat' dir='ltr'>auctoritate</span> <span class='ocrx_word' id='word_1_59' title='bbox 1138 1307 1363 1363; x_wconf 83' lang='lat' dir='ltr'>demonstreturi</span> <span class='ocrx_word' id='word_1_60' title='bbox 1405 1311 1445 1364; x_wconf 85' lang='lat' dir='ltr'>At</span> <span class='ocrx_word' id='word_1_61' title='bbox 1469 1327 1525 1365; x_wconf 92' lang='lat' dir='ltr'>nnn</span> <span class='ocrx_word' id='word_1_62' title='bbox 1537 1309 1631 1366; x_wconf 84' lang='lat' dir='ltr'>solum</span> <span class='ocrx_word' id='word_1_63' title='bbox 1645 1310 1832 1370; x_wconf 83' lang='lat' dir='ltr'>demonstrari</span> <span class='ocrx_word' id='word_1_64' title='bbox 1846 1332 1899 1374; x_wconf 74' lang='lat' dir='ltr'>tte·</span> 
     </span>
     <span class='ocr_line' id='line_1_8' title="bbox 319 1405 1900 1500; baseline -0.002 -20"><span class='ocrx_word' id='word_1_65' title='bbox 319 1424 392 1500; x_wconf 92' lang='lat' dir='ltr'>quit,</span> <span class='ocrx_word' id='word_1_66' title='bbox 412 1421 610 1480; x_wconf 89' lang='lat' dir='ltr'>verumetiam</span> <span class='ocrx_word' id='word_1_67' title='bbox 634 1434 747 1494; x_wconf 85' lang='lat' dir='ltr'>prorsus</span> <span class='ocrx_word' id='word_1_68' title='bbox 767 1405 948 1489; x_wconf 81' lang='lat' dir='ltr'>rejiciendam</span> <span class='ocrx_word' id='word_1_69' title='bbox 962 1428 1022 1468; x_wconf 86' lang='lat' dir='ltr'>esse</span> <span class='ocrx_word' id='word_1_70' title='bbox 1041 1408 1083 1465; x_wconf 90' lang='lat' dir='ltr'>uti</span> <span class='ocrx_word' id='word_1_71' title='bbox 1098 1408 1207 1475; x_wconf 82' lang='lat' dir='ltr'>falsam,</span> <span class='ocrx_word' id='word_1_72' title='bbox 1232 1409 1428 1467; x_wconf 83' lang='lat' dir='ltr'>demonstrant</span> <span class='ocrx_word' id='word_1_73' title='bbox 1441 1430 1505 1487; x_wconf 78' lang='lat' dir='ltr'>qum</span> <span class='ocrx_word' id='word_1_74' title='bbox 1527 1412 1563 1470; x_wconf 91' lang='lat' dir='ltr'>de</span> <span class='ocrx_word' id='word_1_75' title='bbox 1584 1432 1657 1471; x_wconf 79' lang='lat' dir='ltr'>cneo</span> <span class='ocrx_word' id='word_1_76' title='bbox 1677 1433 1741 1474; x_wconf 79' lang='lat' dir='ltr'>ocae</span> <span class='ocrx_word' id='word_1_77' title='bbox 1765 1417 1900 1494; x_wconf 83' lang='lat' dir='ltr'>produxi,</span> 
     </span>
     <span class='ocr_line' id='line_1_9' title="bbox 319 1510 1899 1602; baseline -0.005 -15"><span class='ocrx_word' id='word_1_78' title='bbox 319 1527 425 1587; x_wconf 81' lang='lat' dir='ltr'>saecnln</span> <span class='ocrx_word' id='word_1_79' title='bbox 443 1533 537 1593; x_wconf 85' lang='lat' dir='ltr'>sexto,</span> <span class='ocrx_word' id='word_1_80' title='bbox 560 1542 595 1581; x_wconf 89' lang='lat' dir='ltr'>ex</span> <span class='ocrx_word' id='word_1_81' title='bbox 620 1539 716 1581; x_wconf 75' lang='lat' dir='ltr'>enervo</span> <span class='ocrx_word' id='word_1_82' title='bbox 739 1521 920 1577; x_wconf 86' lang='lat' dir='ltr'>Adamnano.</span> <span class='ocrx_word' id='word_1_83' title='bbox 976 1511 1087 1569; x_wconf 82' lang='lat' dir='ltr'>Saecnln</span> <span class='ocrx_word' id='word_1_84' title='bbox 1113 1528 1198 1578; x_wconf 90' lang='lat' dir='ltr'>nono,</span> <span class='ocrx_word' id='word_1_85' title='bbox 1225 1510 1354 1568; x_wconf 83' lang='lat' dir='ltr'>Nannius</span> <span class='ocrx_word' id='word_1_86' title='bbox 1374 1512 1412 1570; x_wconf 90' lang='lat' dir='ltr'>de</span> <span class='ocrx_word' id='word_1_87' title='bbox 1434 1514 1513 1572; x_wconf 87' lang='lat' dir='ltr'>Lacu</span> <span class='ocrx_word' id='word_1_88' title='bbox 1534 1515 1618 1587; x_wconf 84' lang='lat' dir='ltr'>Lene,</span> <span class='ocrx_word' id='word_1_89' title='bbox 1643 1516 1727 1578; x_wconf 90' lang='lat' dir='ltr'>hodie</span> <span class='ocrx_word' id='word_1_90' title='bbox 1741 1520 1899 1602; x_wconf 87' lang='lat' dir='ltr'>Killamey,</span> 
     </span>
     <span class='ocr_line' id='line_1_10' title="bbox 314 1613 1900 1708; baseline -0.006 -18"><span class='ocrx_word' id='word_1_91' title='bbox 314 1632 466 1708; x_wconf 84' lang='lat' dir='ltr'>inquit-“</span> <span class='ocrx_word' id='word_1_92' title='bbox 482 1630 532 1686; x_wconf 84' lang='lat' dir='ltr'>Est</span> <span class='ocrx_word' id='word_1_93' title='bbox 544 1628 584 1685; x_wconf 94' lang='lat' dir='ltr'>ibi</span> <span class='ocrx_word' id='word_1_94' title='bbox 595 1637 726 1703; x_wconf 87' lang='lat' dir='ltr'>stagnum</span> <span class='ocrx_word' id='word_1_95' title='bbox 734 1624 811 1700; x_wconf 90' lang='lat' dir='ltr'>qnod</span> <span class='ocrx_word' id='word_1_96' title='bbox 820 1630 938 1679; x_wconf 82' lang='lat' dir='ltr'>vocatur</span> <span class='ocrx_word' id='word_1_97' title='bbox 952 1616 1026 1674; x_wconf 62' lang='lat' dir='ltr'>Ituci</span> <span class='ocrx_word' id='word_1_98' title='bbox 1041 1613 1120 1682; x_wconf 78' lang='lat' dir='ltr'>Leia,</span> <span class='ocrx_word' id='word_1_99' title='bbox 1135 1623 1257 1689; x_wconf 85' lang='lat' dir='ltr'>quatuor</span> <span class='ocrx_word' id='word_1_100' title='bbox 1268 1613 1382 1672; x_wconf 82' lang='lat' dir='ltr'>circulis</span> <span class='ocrx_word' id='word_1_101' title='bbox 1396 1618 1538 1685; x_wconf 65' lang='lat' dir='ltr'>ambitum</span> <span class='ocrx_word' id='word_1_102' title='bbox 1562 1621 1654 1696; x_wconf 88' lang='lat' dir='ltr'>primo</span> <span class='ocrx_word' id='word_1_103' title='bbox 1667 1624 1779 1682; x_wconf 89' lang='lat' dir='ltr'>circulo</span> <span class='ocrx_word' id='word_1_104' title='bbox 1791 1641 1900 1702; x_wconf 83' lang='lat' dir='ltr'>gronna</span> 
     </span>
     <span class='ocr_line' id='line_1_11' title="bbox 318 1717 1906 1799; baseline -0.001 -8"><span class='ocrx_word' id='word_1_105' title='bbox 318 1739 339 1768; x_wconf 80' lang='lat'>‘⁴</span> <span class='ocrx_word' id='word_1_106' title='bbox 360 1745 453 1792; x_wconf 77' lang='lat' dir='ltr'>stanni</span> <span class='ocrx_word' id='word_1_107' title='bbox 472 1732 608 1799; x_wconf 86' lang='lat' dir='ltr'>ambitur,</span> <span class='ocrx_word' id='word_1_108' title='bbox 626 1729 751 1786; x_wconf 84' lang='lat' dir='ltr'>secundo</span> <span class='ocrx_word' id='word_1_109' title='bbox 765 1723 875 1784; x_wconf 90' lang='lat' dir='ltr'>circulo</span> <span class='ocrx_word' id='word_1_110' title='bbox 894 1739 1003 1797; x_wconf 89' lang='lat' dir='ltr'>gronna</span> <span class='ocrx_word' id='word_1_111' title='bbox 1014 1717 1122 1797; x_wconf 87' lang='lat' dir='ltr'>plumbi</span> <span class='ocrx_word' id='word_1_112' title='bbox 1136 1717 1272 1786; x_wconf 89' lang='lat' dir='ltr'>ambitur,</span> <span class='ocrx_word' id='word_1_113' title='bbox 1287 1718 1371 1774; x_wconf 91' lang='lat' dir='ltr'>tertio</span> <span class='ocrx_word' id='word_1_114' title='bbox 1391 1721 1503 1779; x_wconf 89' lang='lat' dir='ltr'>circulo</span> <span class='ocrx_word' id='word_1_115' title='bbox 1517 1743 1627 1798; x_wconf 91' lang='lat' dir='ltr'>gronna</span> <span class='ocrx_word' id='word_1_116' title='bbox 1640 1726 1705 1784; x_wconf 85' lang='lat' dir='ltr'>t&#39;erri</span> <span class='ocrx_word' id='word_1_117' title='bbox 1718 1731 1855 1799; x_wconf 75' lang='lat' dir='ltr'>ambitur,</span> <span class='ocrx_word' id='word_1_118' title='bbox 1872 1739 1906 1789; x_wconf 88' lang='lat' dir='ltr'>et</span> 
     </span>
     <span class='ocr_line' id='line_1_12' title="bbox 320 1822 1905 1910; baseline 0 -19"><span class='ocrx_word' id='word_1_119' title='bbox 320 1837 341 1868; x_wconf 79' lang='lat'>&#39;⁴</span> <span class='ocrx_word' id='word_1_120' title='bbox 361 1845 465 1910; x_wconf 87' lang='lat' dir='ltr'>quarto</span> <span class='ocrx_word' id='word_1_121' title='bbox 475 1831 584 1888; x_wconf 89' lang='lat' dir='ltr'>circulo</span> <span class='ocrx_word' id='word_1_122' title='bbox 596 1848 703 1904; x_wconf 86' lang='lat' dir='ltr'>gronna</span> <span class='ocrx_word' id='word_1_123' title='bbox 718 1827 780 1885; x_wconf 84' lang='lat' dir='ltr'>aeris</span> <span class='ocrx_word' id='word_1_124' title='bbox 791 1825 927 1893; x_wconf 86' lang='lat' dir='ltr'>ambitur,</span> <span class='ocrx_word' id='word_1_125' title='bbox 939 1834 969 1881; x_wconf 88' lang='lat' dir='ltr'>et</span> <span class='ocrx_word' id='word_1_126' title='bbox 978 1824 1006 1879; x_wconf 93' lang='lat' dir='ltr'>in</span> <span class='ocrx_word' id='word_1_127' title='bbox 1015 1832 1156 1897; x_wconf 84' lang='lat' dir='ltr'>eortagnn</span> <span class='ocrx_word' id='word_1_128' title='bbox 1164 1822 1323 1896; x_wconf 77' lang='lat' dir='ltr'>margarita²</span> <span class='ocrx_word' id='word_1_129' title='bbox 1336 1823 1434 1881; x_wconf 83' lang='lat' dir='ltr'>multae</span> <span class='ocrx_word' id='word_1_130' title='bbox 1448 1826 1630 1902; x_wconf 84' lang='lat' dir='ltr'>reperiuntur</span> <span class='ocrx_word' id='word_1_131' title='bbox 1639 1847 1709 1905; x_wconf 85' lang='lat' dir='ltr'>quas</span> <span class='ocrx_word' id='word_1_132' title='bbox 1721 1841 1833 1905; x_wconf 85' lang='lat' dir='ltr'>ponunt</span> <span class='ocrx_word' id='word_1_133' title='bbox 1845 1834 1905 1891; x_wconf 82' lang='lat' dir='ltr'>ue-</span> 
     </span>
     <span class='ocr_line' id='line_1_13' title="bbox 321 1925 1903 2012; baseline 0 -20"><span class='ocrx_word' id='word_1_134' title='bbox 321 1940 341 1970; x_wconf 88' lang='lat'>“</span> <span class='ocrx_word' id='word_1_135' title='bbox 362 1954 411 2012; x_wconf 90' lang='lat' dir='ltr'>ges</span> <span class='ocrx_word' id='word_1_136' title='bbox 423 1935 453 1991; x_wconf 89' lang='lat' dir='ltr'>in</span> <span class='ocrx_word' id='word_1_137' title='bbox 467 1933 582 1990; x_wconf 82' lang='lat' dir='ltr'>auribus</span> <span class='ocrx_word' id='word_1_138' title='bbox 593 1930 677 1988; x_wconf 86' lang='lat' dir='ltr'>suis.”</span> <span class='ocrx_word' id='word_1_139' title='bbox 688 1932 734 2002; x_wconf 88' lang='lat'>(1)</span> <span class='ocrx_word' id='word_1_140' title='bbox 786 1928 916 1985; x_wconf 84' lang='lat' dir='ltr'>Donatus</span> <span class='ocrx_word' id='word_1_141' title='bbox 930 1925 1047 1983; x_wconf 90' lang='lat' dir='ltr'>Nennio</span> <span class='ocrx_word' id='word_1_142' title='bbox 1065 1925 1214 1992; x_wconf 85' lang='lat' dir='ltr'>vetustior,</span> <span class='ocrx_word' id='word_1_143' title='bbox 1237 1925 1286 1999; x_wconf 91' lang='lat' dir='ltr'>qni</span> <span class='ocrx_word' id='word_1_144' title='bbox 1307 1926 1460 2002; x_wconf 89' lang='lat' dir='ltr'>Prologum</span> <span class='ocrx_word' id='word_1_145' title='bbox 1473 1930 1509 1985; x_wconf 90' lang='lat' dir='ltr'>ad</span> <span class='ocrx_word' id='word_1_146' title='bbox 1523 1933 1600 1987; x_wconf 78' lang='lat' dir='ltr'>Acta</span> <span class='ocrx_word' id='word_1_147' title='bbox 1619 1931 1648 1987; x_wconf 89' lang='lat' dir='ltr'>S.</span> <span class='ocrx_word' id='word_1_148' title='bbox 1662 1932 1780 2007; x_wconf 85' lang='lat' dir='ltr'>Brigidae</span> <span class='ocrx_word' id='word_1_149' title='bbox 1791 1935 1903 2012; x_wconf 84' lang='lat' dir='ltr'>scripsit</span> 
     </span>
     <span class='ocr_line' id='line_1_14' title="bbox 319 2026 1899 2106; baseline 0 -10"><span class='ocrx_word' id='word_1_150' title='bbox 319 2040 445 2096; x_wconf 82' lang='lat' dir='ltr'>versibus</span> <span class='ocrx_word' id='word_1_151' title='bbox 461 2036 600 2106; x_wconf 80' lang='lat' dir='ltr'>Hernicis,</span> <span class='ocrx_word' id='word_1_152' title='bbox 621 2037 656 2093; x_wconf 93' lang='lat' dir='ltr'>de</span> <span class='ocrx_word' id='word_1_153' title='bbox 668 2032 807 2090; x_wconf 87' lang='lat' dir='ltr'>Hibernia</span> <span class='ocrx_word' id='word_1_154' title='bbox 820 2030 912 2106; x_wconf 86' lang='lat' dir='ltr'>inquit</span> <span class='ocrx_word' id='word_1_155' title='bbox 935 2032 954 2061; x_wconf 74' lang='lat'>‘⁶</span> <span class='ocrx_word' id='word_1_156' title='bbox 963 2026 1061 2084; x_wconf 82' lang='lat' dir='ltr'>Inralc</span> <span class='ocrx_word' id='word_1_157' title='bbox 1075 2026 1151 2082; x_wconf 83' lang='lat' dir='ltr'>diver</span> <span class='ocrx_word' id='word_1_158' title='bbox 1162 2043 1251 2100; x_wconf 77' lang='lat' dir='ltr'>opum,</span> <span class='ocrx_word' id='word_1_159' title='bbox 1261 2047 1438 2102; x_wconf 78' lang='lat' dir='ltr'>gemmarum,</span> <span class='ocrx_word' id='word_1_160' title='bbox 1452 2032 1546 2099; x_wconf 67' lang='lat' dir='ltr'>north,</span> <span class='ocrx_word' id='word_1_161' title='bbox 1563 2045 1591 2089; x_wconf 83' lang='lat' dir='ltr'>et</span> <span class='ocrx_word' id='word_1_162' title='bbox 1604 2034 1695 2090; x_wconf 83' lang='lat' dir='ltr'>nari.’&#39;</span> <span class='ocrx_word' id='word_1_163' title='bbox 1729 2036 1833 2094; x_wconf 82' lang='lat' dir='ltr'>Versus</span> <span class='ocrx_word' id='word_1_164' title='bbox 1847 2038 1899 2096; x_wconf 83' lang='lat' dir='ltr'>bns</span> 
     </span>
     <span class='ocr_line' id='line_1_15' title="bbox 319 2132 1902 2212; baseline 0.001 -14"><span class='ocrx_word' id='word_1_165' title='bbox 319 2161 358 2198; x_wconf 89' lang='lat' dir='ltr'>ex</span> <span class='ocrx_word' id='word_1_166' title='bbox 367 2140 475 2198; x_wconf 87' lang='lat' dir='ltr'>Codice</span> <span class='ocrx_word' id='word_1_167' title='bbox 484 2140 642 2197; x_wconf 89' lang='lat' dir='ltr'>venerando</span> <span class='ocrx_word' id='word_1_168' title='bbox 658 2137 767 2194; x_wconf 85' lang='lat' dir='ltr'>Montis</span> <span class='ocrx_word' id='word_1_169' title='bbox 778 2132 951 2192; x_wconf 78' lang='lat' dir='ltr'>cassinensis</span> <span class='ocrx_word' id='word_1_170' title='bbox 962 2149 1047 2207; x_wconf 85' lang='lat' dir='ltr'>supra</span> <span class='ocrx_word' id='word_1_171' title='bbox 1060 2140 1229 2200; x_wconf 90' lang='lat' dir='ltr'>memnmtn,</span> <span class='ocrx_word' id='word_1_172' title='bbox 1244 2141 1320 2188; x_wconf 86' lang='lat' dir='ltr'>etex</span> <span class='ocrx_word' id='word_1_173' title='bbox 1333 2133 1391 2191; x_wconf 90' lang='lat' dir='ltr'>alin</span> <span class='ocrx_word' id='word_1_174' title='bbox 1402 2135 1578 2193; x_wconf 84' lang='lat' dir='ltr'>Constantini</span> <span class='ocrx_word' id='word_1_175' title='bbox 1592 2137 1723 2212; x_wconf 86' lang='lat' dir='ltr'>cajetani</span> <span class='ocrx_word' id='word_1_176' title='bbox 1739 2141 1902 2212; x_wconf 81' lang='lat' dir='ltr'>Abbatis,a</span> 
     </span>
     <span class='ocr_line' id='line_1_16' title="bbox 323 2232 1902 2321; baseline 0 -20"><span class='ocrx_word' id='word_1_177' title='bbox 323 2242 468 2321; x_wconf 88' lang='lat' dir='ltr'>Stephano</span> <span class='ocrx_word' id='word_1_178' title='bbox 482 2243 551 2300; x_wconf 87' lang='lat' dir='ltr'>Vitn</span> <span class='ocrx_word' id='word_1_179' title='bbox 568 2242 604 2298; x_wconf 85' lang='lat' dir='ltr'>ad</span> <span class='ocrx_word' id='word_1_180' title='bbox 619 2259 701 2298; x_wconf 90' lang='lat' dir='ltr'>usum</span> <span class='ocrx_word' id='word_1_181' title='bbox 717 2237 824 2297; x_wconf 90' lang='lat' dir='ltr'>Usserii</span> <span class='ocrx_word' id='word_1_182' title='bbox 837 2235 990 2311; x_wconf 81' lang='lat' dir='ltr'>descripto,</span> <span class='ocrx_word' id='word_1_183' title='bbox 999 2232 1090 2291; x_wconf 81' lang='lat' dir='ltr'>editos</span> <span class='ocrx_word' id='word_1_184' title='bbox 1103 2232 1239 2290; x_wconf 82' lang='lat' dir='ltr'>habemus</span> <span class='ocrx_word' id='word_1_185' title='bbox 1251 2233 1281 2290; x_wconf 91' lang='lat' dir='ltr'>in</span> <span class='ocrx_word' id='word_1_186' title='bbox 1293 2235 1467 2304; x_wconf 86' lang='lat' dir='ltr'>Primordiis,</span> <span class='ocrx_word' id='word_1_187' title='bbox 1490 2241 1536 2311; x_wconf 82' lang='lat'>(2)</span> <span class='ocrx_word' id='word_1_188' title='bbox 1562 2241 1712 2316; x_wconf 80' lang='lat' dir='ltr'>exquibus</span> <span class='ocrx_word' id='word_1_189' title='bbox 1730 2251 1852 2312; x_wconf 88' lang='lat' dir='ltr'>constat,</span> <span class='ocrx_word' id='word_1_190' title='bbox 1863 2244 1902 2303; x_wconf 86' lang='lat' dir='ltr'>de</span> 
     </span>
     <span class='ocr_line' id='line_1_17' title="bbox 323 2336 1904 2420; baseline 0.001 -17"><span class='ocrx_word' id='word_1_191' title='bbox 323 2363 422 2403; x_wconf 85' lang='lat' dir='ltr'>eorum</span> <span class='ocrx_word' id='word_1_192' title='bbox 435 2342 654 2402; x_wconf 81' lang='lat' dir='ltr'>authenticitate</span> <span class='ocrx_word' id='word_1_193' title='bbox 668 2341 780 2400; x_wconf 88' lang='lat' dir='ltr'>nullum</span> <span class='ocrx_word' id='word_1_194' title='bbox 794 2339 958 2397; x_wconf 83' lang='lat' dir='ltr'>esselocum</span> <span class='ocrx_word' id='word_1_195' title='bbox 977 2336 1148 2413; x_wconf 85' lang='lat' dir='ltr'>ambigendi,</span> <span class='ocrx_word' id='word_1_196' title='bbox 1164 2338 1320 2414; x_wconf 76' lang='lat' dir='ltr'>prasertim</span> <span class='ocrx_word' id='word_1_197' title='bbox 1337 2337 1360 2394; x_wconf 84' lang='lat' dir='ltr'>ai</span> <span class='ocrx_word' id='word_1_198' title='bbox 1375 2340 1570 2411; x_wconf 83' lang='lat' dir='ltr'>conlemntur,</span> <span class='ocrx_word' id='word_1_199' title='bbox 1595 2360 1661 2401; x_wconf 91' lang='lat' dir='ltr'>cum</span> <span class='ocrx_word' id='word_1_200' title='bbox 1675 2344 1826 2420; x_wconf 89' lang='lat' dir='ltr'>integriore</span> <span class='ocrx_word' id='word_1_201' title='bbox 1843 2346 1904 2405; x_wconf 89' lang='lat' dir='ltr'>edi-</span> 
     </span>
     <span class='ocr_line' id='line_1_18' title="bbox 323 2441 1906 2522; baseline 0.002 -18"><span class='ocrx_word' id='word_1_202' title='bbox 323 2446 401 2505; x_wconf 87' lang='lat' dir='ltr'>tione</span> <span class='ocrx_word' id='word_1_203' title='bbox 414 2446 545 2522; x_wconf 87' lang='lat' dir='ltr'>Colgani,</span> <span class='ocrx_word' id='word_1_204' title='bbox 567 2464 605 2503; x_wconf 82' lang='lat' dir='ltr'>ex</span> <span class='ocrx_word' id='word_1_205' title='bbox 625 2444 782 2502; x_wconf 80' lang='lat' dir='ltr'>codicibus</span> <span class='ocrx_word' id='word_1_206' title='bbox 795 2442 972 2511; x_wconf 80' lang='lat' dir='ltr'>Cassirrense,</span> <span class='ocrx_word' id='word_1_207' title='bbox 985 2441 1138 2510; x_wconf 88' lang='lat' dir='ltr'>Vaticano,</span> <span class='ocrx_word' id='word_1_208' title='bbox 1153 2441 1332 2511; x_wconf 76' lang='lat' dir='ltr'>barberinio,</span> <span class='ocrx_word' id='word_1_209' title='bbox 1352 2456 1382 2500; x_wconf 90' lang='lat' dir='ltr'>et</span> <span class='ocrx_word' id='word_1_210' title='bbox 1393 2443 1466 2512; x_wconf 81' lang='lat' dir='ltr'>aliia,</span> <span class='ocrx_word' id='word_1_211' title='bbox 1493 2444 1606 2502; x_wconf 86' lang='lat' dir='ltr'>collatis</span> <span class='ocrx_word' id='word_1_212' title='bbox 1618 2464 1687 2503; x_wconf 87' lang='lat' dir='ltr'>curn</span> <span class='ocrx_word' id='word_1_213' title='bbox 1700 2446 1808 2505; x_wconf 82' lang='lat' dir='ltr'>Codice</span> <span class='ocrx_word' id='word_1_214' title='bbox 1819 2447 1906 2507; x_wconf 53' lang='lat' dir='ltr'>Inuca</span> 
     </span>
     <span class='ocr_line' id='line_1_19' title="bbox 325 2541 1908 2626; baseline 0.003 -20"><span class='ocrx_word' id='word_1_215' title='bbox 325 2549 474 2624; x_wconf 86' lang='lat' dir='ltr'>Waddingi</span> <span class='ocrx_word' id='word_1_216' title='bbox 487 2549 515 2606; x_wconf 90' lang='lat' dir='ltr'>in</span> <span class='ocrx_word' id='word_1_217' title='bbox 528 2549 635 2607; x_wconf 77' lang='lat' dir='ltr'>Triade</span> <span class='ocrx_word' id='word_1_218' title='bbox 648 2568 679 2626; x_wconf 89' lang='lat' dir='ltr'>p.</span> <span class='ocrx_word' id='word_1_219' title='bbox 687 2546 866 2607; x_wconf 73' lang='lat' dir='ltr'>saa-lam</span> <span class='ocrx_word' id='word_1_220' title='bbox 878 2563 945 2602; x_wconf 86' lang='lat' dir='ltr'>vern</span> <span class='ocrx_word' id='word_1_221' title='bbox 958 2562 1023 2619; x_wconf 81' lang='lat' dir='ltr'>qua</span> <span class='ocrx_word' id='word_1_222' title='bbox 1035 2562 1054 2600; x_wconf 87' lang='lat' dir='ltr'>a</span> <span class='ocrx_word' id='word_1_223' title='bbox 1063 2542 1176 2602; x_wconf 82' lang='lat' dir='ltr'>Nenain</span> <span class='ocrx_word' id='word_1_224' title='bbox 1189 2542 1340 2602; x_wconf 86' lang='lat' dir='ltr'>traduntur</span> <span class='ocrx_word' id='word_1_225' title='bbox 1363 2547 1397 2602; x_wconf 90' lang='lat' dir='ltr'>de</span> <span class='ocrx_word' id='word_1_226' title='bbox 1419 2542 1495 2601; x_wconf 78' lang='lat' dir='ltr'>lacu</span> <span class='ocrx_word' id='word_1_227' title='bbox 1515 2543 1599 2615; x_wconf 77' lang='lat' dir='ltr'>Iaene,</span> <span class='ocrx_word' id='word_1_228' title='bbox 1621 2566 1640 2603; x_wconf 91' lang='lat' dir='ltr'>a</span> <span class='ocrx_word' id='word_1_229' title='bbox 1653 2550 1844 2610; x_wconf 87' lang='lat' dir='ltr'>recentiorum</span> <span class='ocrx_word' id='word_1_230' title='bbox 1863 2541 1908 2610; x_wconf 89' lang='lat' dir='ltr'>in·</span> 
     </span>
     <span class='ocr_line' id='line_1_20' title="bbox 324 2644 1904 2729; baseline 0.002 -19"><span class='ocrx_word' id='word_1_231' title='bbox 324 2653 552 2729; x_wconf 71' lang='lat' dir='ltr'>vestigationibus</span> <span class='ocrx_word' id='word_1_232' title='bbox 566 2651 650 2710; x_wconf 86' lang='lat' dir='ltr'>fidem</span> <span class='ocrx_word' id='word_1_233' title='bbox 663 2651 716 2708; x_wconf 85' lang='lat' dir='ltr'>sibi</span> <span class='ocrx_word' id='word_1_234' title='bbox 736 2648 863 2708; x_wconf 86' lang='lat' dir='ltr'>debitam</span> <span class='ocrx_word' id='word_1_235' title='bbox 877 2646 946 2721; x_wconf 88' lang='lat' dir='ltr'>jure</span> <span class='ocrx_word' id='word_1_236' title='bbox 973 2644 1139 2716; x_wconf 89' lang='lat' dir='ltr'>conciliant,</span> <span class='ocrx_word' id='word_1_237' title='bbox 1158 2645 1187 2702; x_wconf 90' lang='lat' dir='ltr'>in</span> <span class='ocrx_word' id='word_1_238' title='bbox 1205 2647 1309 2723; x_wconf 87' lang='lat' dir='ltr'>quibus</span> <span class='ocrx_word' id='word_1_239' title='bbox 1324 2648 1426 2707; x_wconf 61' lang='lat' dir='ltr'>lomna</span> <span class='ocrx_word' id='word_1_240' title='bbox 1446 2648 1521 2718; x_wconf 85' lang='lat' dir='ltr'>lerri,</span> <span class='ocrx_word' id='word_1_241' title='bbox 1536 2650 1656 2729; x_wconf 85' lang='lat' dir='ltr'>plumbi,</span> <span class='ocrx_word' id='word_1_242' title='bbox 1671 2660 1774 2722; x_wconf 64' lang='lat' dir='ltr'>sunni,</span> <span class='ocrx_word' id='word_1_243' title='bbox 1789 2662 1819 2712; x_wconf 86' lang='lat' dir='ltr'>et</span> <span class='ocrx_word' id='word_1_244' title='bbox 1831 2654 1904 2726; x_wconf 80' lang='lat' dir='ltr'>reris,</span> 
     </span>
     <span class='ocr_line' id='line_1_21' title="bbox 323 2737 1907 2834; baseline 0.001 -20"><span class='ocrx_word' id='word_1_245' title='bbox 323 2774 374 2814; x_wconf 84' lang='lat' dir='ltr'>seu</span> <span class='ocrx_word' id='word_1_246' title='bbox 389 2755 481 2832; x_wconf 88' lang='lat' dir='ltr'>cupri,</span> <span class='ocrx_word' id='word_1_247' title='bbox 502 2754 596 2813; x_wconf 86' lang='lat' dir='ltr'>Plinio</span> <span class='ocrx_word' id='word_1_248' title='bbox 610 2755 659 2812; x_wconf 84' lang='lat' dir='ltr'>AEs</span> <span class='ocrx_word' id='word_1_249' title='bbox 679 2737 828 2830; x_wconf 87' lang='lat' dir='ltr'>cyprium,</span> <span class='ocrx_word' id='word_1_250' title='bbox 849 2769 936 2828; x_wconf 84' lang='lat' dir='ltr'>prope</span> <span class='ocrx_word' id='word_1_251' title='bbox 951 2751 1060 2809; x_wconf 87' lang='lat' dir='ltr'>Lacum</span> <span class='ocrx_word' id='word_1_252' title='bbox 1087 2750 1174 2808; x_wconf 85' lang='lat' dir='ltr'>istum</span> <span class='ocrx_word' id='word_1_253' title='bbox 1191 2751 1349 2826; x_wconf 74' lang='lat' dir='ltr'>explorate</span> <span class='ocrx_word' id='word_1_254' title='bbox 1371 2759 1637 2811; x_wconf 86' lang='lat' dir='ltr'>memorantur.·-“</span> <span class='ocrx_word' id='word_1_255' title='bbox 1654 2757 1695 2812; x_wconf 82' lang='lat' dir='ltr'>As</span> <span class='ocrx_word' id='word_1_256' title='bbox 1719 2754 1764 2813; x_wconf 85' lang='lat' dir='ltr'>ior</span> <span class='ocrx_word' id='word_1_257' title='bbox 1780 2755 1907 2834; x_wconf 70' lang='lat' dir='ltr'>coppers</span> 
     </span>
     <span class='ocr_line' id='line_1_22' title="bbox 326 2854 1910 2934; baseline 0.003 -19"><span class='ocrx_word' id='word_1_258' title='bbox 326 2863 345 2892; x_wconf 77' lang='lat'>‘¹</span> <span class='ocrx_word' id='word_1_259' title='bbox 360 2856 414 2917; x_wconf 81' lang='lat' dir='ltr'>serr</span> <span class='ocrx_word' id='word_1_260' title='bbox 428 2859 516 2916; x_wconf 84' lang='lat' dir='ltr'>mines</span> <span class='ocrx_word' id='word_1_261' title='bbox 528 2856 558 2914; x_wconf 88' lang='lat' dir='ltr'>in</span> <span class='ocrx_word' id='word_1_262' title='bbox 569 2857 683 2934; x_wconf 84' lang='lat' dir='ltr'>Europe</span> <span class='ocrx_word' id='word_1_263' title='bbox 696 2855 768 2913; x_wconf 86' lang='lat' dir='ltr'>bave</span> <span class='ocrx_word' id='word_1_264' title='bbox 781 2856 926 2932; x_wconf 84' lang='lat' dir='ltr'>produced</span> <span class='ocrx_word' id='word_1_265' title='bbox 945 2854 1016 2913; x_wconf 81' lang='lat' dir='ltr'>auch</span> <span class='ocrx_word' id='word_1_266' title='bbox 1036 2874 1055 2912; x_wconf 92' lang='lat' dir='ltr'>a</span> <span class='ocrx_word' id='word_1_267' title='bbox 1075 2855 1205 2932; x_wconf 83' lang='lat' dir='ltr'>quantity</span> <span class='ocrx_word' id='word_1_268' title='bbox 1223 2855 1257 2912; x_wconf 80' lang='lat' dir='ltr'>nl</span> <span class='ocrx_word' id='word_1_269' title='bbox 1274 2873 1335 2923; x_wconf 88' lang='lat' dir='ltr'>ore,</span> <span class='ocrx_word' id='word_1_270' title='bbox 1359 2873 1390 2912; x_wconf 88' lang='lat' dir='ltr'>as</span> <span class='ocrx_word' id='word_1_271' title='bbox 1413 2857 1477 2915; x_wconf 88' lang='lat' dir='ltr'>that</span> <span class='ocrx_word' id='word_1_272' title='bbox 1499 2857 1576 2913; x_wconf 77' lang='lat' dir='ltr'>work</span> <span class='ocrx_word' id='word_1_273' title='bbox 1589 2855 1680 2934; x_wconf 90' lang='lat' dir='ltr'>lately</span> <span class='ocrx_word' id='word_1_274' title='bbox 1693 2857 1856 2916; x_wconf 76' lang='lat' dir='ltr'>discovered</span> <span class='ocrx_word' id='word_1_275' title='bbox 1878 2871 1910 2919; x_wconf 87' lang='lat' dir='ltr'>at</span> 
     </span>
     <span class='ocr_line' id='line_1_23' title="bbox 325 2957 1909 3037; baseline 0.001 -16"><span class='ocrx_word' id='word_1_276' title='bbox 325 2967 345 2998; x_wconf 78' lang='lat'>‘⁸</span> <span class='ocrx_word' id='word_1_277' title='bbox 362 2963 516 3022; x_wconf 85' lang='lat' dir='ltr'>Muclrrnsa</span> <span class='ocrx_word' id='word_1_278' title='bbox 530 2981 599 3021; x_wconf 85' lang='lat' dir='ltr'>near</span> <span class='ocrx_word' id='word_1_279' title='bbox 609 2960 767 3036; x_wconf 88' lang='lat' dir='ltr'>Killamey‚</span> <span class='ocrx_word' id='word_1_280' title='bbox 776 2958 878 3034; x_wconf 76' lang='lat' dir='ltr'>haring</span> <span class='ocrx_word' id='word_1_281' title='bbox 891 2957 1066 3027; x_wconf 81' lang='lat' dir='ltr'>afforded,in</span> <span class='ocrx_word' id='word_1_282' title='bbox 1079 2957 1129 3016; x_wconf 88' lang='lat' dir='ltr'>the</span> <span class='ocrx_word' id='word_1_283' title='bbox 1138 2977 1223 3035; x_wconf 85' lang='lat' dir='ltr'>space</span> <span class='ocrx_word' id='word_1_284' title='bbox 1237 2959 1271 3016; x_wconf 79' lang='lat' dir='ltr'>ni</span> <span class='ocrx_word' id='word_1_285' title='bbox 1279 2978 1375 3036; x_wconf 89' lang='lat' dir='ltr'>ayear</span> <span class='ocrx_word' id='word_1_286' title='bbox 1384 2959 1501 3018; x_wconf 80' lang='lat' dir='ltr'>asterits</span> <span class='ocrx_word' id='word_1_287' title='bbox 1516 2961 1650 3036; x_wconf 71' lang='lat' dir='ltr'>working,</span> <span class='ocrx_word' id='word_1_288' title='bbox 1661 2966 1719 3025; x_wconf 85' lang='grc'>375</span> <span class='ocrx_word' id='word_1_289' title='bbox 1729 2970 1793 3019; x_wconf 90' lang='lat' dir='ltr'>tons</span> <span class='ocrx_word' id='word_1_290' title='bbox 1806 2963 1840 3019; x_wconf 84' lang='lat' dir='ltr'>oi</span> <span class='ocrx_word' id='word_1_291' title='bbox 1848 2982 1909 3037; x_wconf 91' lang='lat' dir='ltr'>ore,</span> 
     </span>
     <span class='ocr_line' id='line_1_24' title="bbox 323 3060 1997 3145; baseline -0.002 -19"><span class='ocrx_word' id='word_1_292' title='bbox 323 3071 343 3103; x_wconf 75' lang='lat'>‘¹</span> <span class='ocrx_word' id='word_1_293' title='bbox 358 3067 449 3125; x_wconf 84' lang='lat' dir='ltr'>which</span> <span class='ocrx_word' id='word_1_294' title='bbox 461 3067 600 3145; x_wconf 80' lang='lat' dir='ltr'>produces</span> <span class='ocrx_word' id='word_1_295' title='bbox 614 3064 687 3123; x_wconf 83' lang='lat' dir='ltr'>irnm</span> <span class='ocrx_word' id='word_1_296' title='bbox 700 3082 737 3121; x_wconf 89' lang='lat' dir='ltr'>an</span> <span class='ocrx_word' id='word_1_297' title='bbox 750 3081 841 3120; x_wconf 87' lang='lat' dir='ltr'>nunce</span> <span class='ocrx_word' id='word_1_298' title='bbox 855 3060 888 3119; x_wconf 86' lang='lat' dir='ltr'>oi</span> <span class='ocrx_word' id='word_1_299' title='bbox 896 3061 943 3119; x_wconf 88' lang='lat' dir='ltr'>the</span> <span class='ocrx_word' id='word_1_300' title='bbox 953 3062 1069 3139; x_wconf 88' lang='lat' dir='ltr'>general</span> <span class='ocrx_word' id='word_1_301' title='bbox 1080 3062 1198 3138; x_wconf 85' lang='lat' dir='ltr'>sample,</span> <span class='ocrx_word' id='word_1_302' title='bbox 1213 3068 1230 3120; x_wconf 87' lang='lat'><em>5</em></span> <span class='ocrx_word' id='word_1_303' title='bbox 1245 3081 1339 3138; x_wconf 83' lang='lat' dir='ltr'>penny</span> <span class='ocrx_word' id='word_1_304' title='bbox 1352 3064 1477 3138; x_wconf 86' lang='lat' dir='ltr'>weights,</span> <span class='ocrx_word' id='word_1_305' title='bbox 1489 3064 1608 3141; x_wconf 75' lang='lat' dir='ltr'>tigmine</span> <span class='ocrx_word' id='word_1_306' title='bbox 1622 3063 1656 3121; x_wconf 79' lang='lat' dir='ltr'>oi</span> <span class='ocrx_word' id='word_1_307' title='bbox 1664 3081 1780 3140; x_wconf 89' lang='lat' dir='ltr'>copper.</span> <span class='ocrx_word' id='word_1_308' title='bbox 1812 3065 1909 3143; x_wconf 80' lang='lat' dir='ltr'>single</span> <span class='ocrx_word' id='word_1_309' title='bbox 1994 3118 1997 3122; x_wconf 91' lang='lat'>.</span> 
     </span>
     <span class='ocr_line' id='line_1_25' title="bbox 326 3163 1909 3248; baseline 0.001 -21"><span class='ocrx_word' id='word_1_310' title='bbox 326 3173 347 3204; x_wconf 78' lang='lat'>⁸⁴</span> <span class='ocrx_word' id='word_1_311' title='bbox 361 3169 498 3248; x_wconf 81' lang='lat' dir='ltr'>pieoesol&#39;</span> <span class='ocrx_word' id='word_1_312' title='bbox 507 3188 581 3247; x_wconf 81' lang='lat' dir='ltr'>pure</span> <span class='ocrx_word' id='word_1_313' title='bbox 593 3187 698 3247; x_wconf 87' lang='lat' dir='ltr'>copper</span> <span class='ocrx_word' id='word_1_314' title='bbox 710 3167 781 3224; x_wconf 87' lang='lat' dir='ltr'>bave</span> <span class='ocrx_word' id='word_1_315' title='bbox 795 3168 867 3223; x_wconf 91' lang='lat' dir='ltr'>been</span> <span class='ocrx_word' id='word_1_316' title='bbox 884 3166 974 3223; x_wconf 84' lang='lat' dir='ltr'>raised</span> <span class='ocrx_word' id='word_1_317' title='bbox 988 3175 1018 3223; x_wconf 90' lang='lat' dir='ltr'>at</span> <span class='ocrx_word' id='word_1_318' title='bbox 1032 3165 1185 3222; x_wconf 87' lang='lat' dir='ltr'>Muckrnss</span> <span class='ocrx_word' id='word_1_319' title='bbox 1206 3163 1239 3220; x_wconf 84' lang='lat' dir='ltr'>of</span> <span class='ocrx_word' id='word_1_320' title='bbox 1252 3167 1359 3222; x_wconf 86' lang='lat' dir='ltr'>several</span> <span class='ocrx_word' id='word_1_321' title='bbox 1379 3166 1507 3224; x_wconf 88' lang='lat' dir='ltr'>hundred</span> <span class='ocrx_word' id='word_1_322' title='bbox 1520 3167 1649 3245; x_wconf 79' lang='lat' dir='ltr'>weight.”</span> <span class='ocrx_word' id='word_1_323' title='bbox 1669 3169 1715 3240; x_wconf 79' lang='grc'>(8)</span> <span class='ocrx_word' id='word_1_324' title='bbox 1768 3167 1814 3227; x_wconf 86' lang='lat' dir='ltr'>De</span> <span class='ocrx_word' id='word_1_325' title='bbox 1827 3169 1909 3230; x_wconf 87' lang='lat' dir='ltr'>Mar-</span> 
     </span>
     <span class='ocr_line' id='line_1_26' title="bbox 326 3266 1911 3352; baseline 0.003 -22"><span class='ocrx_word' id='word_1_326' title='bbox 326 3272 423 3349; x_wconf 85' lang='lat' dir='ltr'>garitis</span> <span class='ocrx_word' id='word_1_327' title='bbox 439 3272 566 3347; x_wconf 85' lang='lat' dir='ltr'>ejusdem</span> <span class='ocrx_word' id='word_1_328' title='bbox 582 3272 672 3342; x_wconf 87' lang='lat' dir='ltr'>lacus,</span> <span class='ocrx_word' id='word_1_329' title='bbox 686 3270 770 3347; x_wconf 85' lang='lat' dir='ltr'>plura</span> <span class='ocrx_word' id='word_1_330' title='bbox 781 3271 870 3327; x_wconf 85' lang='lat' dir='ltr'>babet</span> <span class='ocrx_word' id='word_1_331' title='bbox 891 3269 1008 3343; x_wconf 80' lang='lat' dir='ltr'>AEques·</span> <span class='ocrx_word' id='word_1_332' title='bbox 1018 3277 1136 3325; x_wconf 88' lang='lat' dir='ltr'>auratus</span> <span class='ocrx_word' id='word_1_333' title='bbox 1150 3266 1197 3324; x_wconf 85' lang='lat' dir='ltr'>Sir</span> <span class='ocrx_word' id='word_1_334' title='bbox 1207 3266 1312 3324; x_wconf 82' lang='lat' dir='ltr'>linbert</span> <span class='ocrx_word' id='word_1_335' title='bbox 1323 3266 1463 3345; x_wconf 78' lang='lat' dir='ltr'>Reudiag,</span> <span class='ocrx_word' id='word_1_336' title='bbox 1480 3270 1510 3326; x_wconf 91' lang='lat' dir='ltr'>in</span> <span class='ocrx_word' id='word_1_337' title='bbox 1534 3270 1633 3330; x_wconf 86' lang='lat' dir='ltr'>Gestis</span> <span class='ocrx_word' id='word_1_338' title='bbox 1645 3271 1852 3352; x_wconf 83' lang='lat' dir='ltr'>Philosopbicis</span> <span class='ocrx_word' id='word_1_339' title='bbox 1872 3277 1911 3334; x_wconf 89' lang='lat' dir='ltr'>ad</span> 
     </span>
     <span class='ocr_line' id='line_1_27' title="bbox 327 3369 1909 3451; baseline 0.003 -19"><span class='ocrx_word' id='word_1_340' title='bbox 327 3370 710 3446; x_wconf 70' lang='lat' dir='ltr'>annos169l,1692,1693,</span> <span class='ocrx_word' id='word_1_341' title='bbox 725 3373 773 3431; x_wconf 90' lang='lat' dir='ltr'>ubi</span> <span class='ocrx_word' id='word_1_342' title='bbox 782 3371 885 3446; x_wconf 86' lang='lat' dir='ltr'>inquit,</span> <span class='ocrx_word' id='word_1_343' title='bbox 899 3376 920 3404; x_wconf 83' lang='lat'>“</span> <span class='ocrx_word' id='word_1_344' title='bbox 929 3371 943 3427; x_wconf 91' lang='grc' dir='ltr'>Ι</span> <span class='ocrx_word' id='word_1_345' title='bbox 952 3370 1121 3448; x_wconf 82' lang='lat' dir='ltr'>mysellsavr</span> <span class='ocrx_word' id='word_1_346' title='bbox 1131 3389 1186 3426; x_wconf 90' lang='lat' dir='ltr'>one</span> <span class='ocrx_word' id='word_1_347' title='bbox 1197 3371 1276 3445; x_wconf 88' lang='lat' dir='ltr'>pearl</span> <span class='ocrx_word' id='word_1_348' title='bbox 1292 3370 1401 3447; x_wconf 87' lang='lat' dir='ltr'>bought</span> <span class='ocrx_word' id='word_1_349' title='bbox 1414 3369 1457 3430; x_wconf 84' lang='lat' dir='ltr'>inr</span> <span class='ocrx_word' id='word_1_350' title='bbox 1465 3377 1505 3430; x_wconf 88' lang='grc'>50</span> <span class='ocrx_word' id='word_1_351' title='bbox 1513 3372 1648 3451; x_wconf 82' lang='lat' dir='ltr'>shillings,</span> <span class='ocrx_word' id='word_1_352' title='bbox 1663 3377 1727 3437; x_wconf 87' lang='lat' dir='ltr'>that</span> <span class='ocrx_word' id='word_1_353' title='bbox 1740 3397 1795 3437; x_wconf 83' lang='lat' dir='ltr'>was</span> <span class='ocrx_word' id='word_1_354' title='bbox 1805 3379 1909 3438; x_wconf 84' lang='lat' dir='ltr'>valued</span> 
     </span>
     <span class='ocr_line' id='line_1_28' title="bbox 329 3472 1909 3558; baseline 0.003 -22"><span class='ocrx_word' id='word_1_355' title='bbox 329 3482 349 3513; x_wconf 75' lang='lat'>‘¹</span> <span class='ocrx_word' id='word_1_356' title='bbox 362 3480 462 3538; x_wconf 69' lang='lat' dir='ltr'>attol.</span> <span class='ocrx_word' id='word_1_357' title='bbox 476 3482 504 3537; x_wconf 83' lang='lat' dir='ltr'>A</span> <span class='ocrx_word' id='word_1_358' title='bbox 515 3478 615 3537; x_wconf 88' lang='lat' dir='ltr'>Miller</span> <span class='ocrx_word' id='word_1_359' title='bbox 624 3478 693 3535; x_wconf 85' lang='lat' dir='ltr'>took</span> <span class='ocrx_word' id='word_1_360' title='bbox 706 3485 758 3534; x_wconf 89' lang='lat' dir='ltr'>out</span> <span class='ocrx_word' id='word_1_361' title='bbox 768 3494 786 3532; x_wconf 90' lang='lat' dir='ltr'>a</span> <span class='ocrx_word' id='word_1_362' title='bbox 796 3473 875 3550; x_wconf 89' lang='lat' dir='ltr'>pearl</span> <span class='ocrx_word' id='word_1_363' title='bbox 889 3472 982 3530; x_wconf 76' lang='lat' dir='ltr'>which</span> <span class='ocrx_word' id='word_1_364' title='bbox 993 3472 1031 3530; x_wconf 89' lang='lat' dir='ltr'>he</span> <span class='ocrx_word' id='word_1_365' title='bbox 1050 3473 1166 3530; x_wconf 85' lang='lat' dir='ltr'>soldier</span> <span class='ocrx_word' id='word_1_366' title='bbox 1182 3474 1239 3532; x_wconf 78' lang='lat' dir='ltr'>rot.</span> <span class='ocrx_word' id='word_1_367' title='bbox 1251 3484 1282 3531; x_wconf 91' lang='lat' dir='ltr'>tn</span> <span class='ocrx_word' id='word_1_368' title='bbox 1293 3493 1347 3531; x_wconf 87' lang='lat' dir='ltr'>one</span> <span class='ocrx_word' id='word_1_369' title='bbox 1358 3474 1422 3532; x_wconf 84' lang='lat' dir='ltr'>who</span> <span class='ocrx_word' id='word_1_370' title='bbox 1434 3476 1496 3534; x_wconf 88' lang='lat' dir='ltr'>sold</span> <span class='ocrx_word' id='word_1_371' title='bbox 1510 3477 1534 3534; x_wconf 92' lang='lat' dir='ltr'>it</span> <span class='ocrx_word' id='word_1_372' title='bbox 1547 3486 1578 3535; x_wconf 89' lang='lat' dir='ltr'>to</span> <span class='ocrx_word' id='word_1_373' title='bbox 1592 3479 1639 3536; x_wconf 89' lang='lat' dir='ltr'>the</span> <span class='ocrx_word' id='word_1_374' title='bbox 1652 3479 1710 3537; x_wconf 88' lang='lat' dir='ltr'>late</span> <span class='ocrx_word' id='word_1_375' title='bbox 1725 3481 1806 3558; x_wconf 88' lang='lat' dir='ltr'>Lady</span> <span class='ocrx_word' id='word_1_376' title='bbox 1817 3481 1909 3540; x_wconf 78' lang='lat' dir='ltr'>Ginn-</span> 
     </span>
     <span class='ocr_line' id='line_1_29' title="bbox 327 3575 1915 3658; baseline 0.004 -21"><span class='ocrx_word' id='word_1_377' title='bbox 327 3579 349 3616; x_wconf 77' lang='lat'>⁴‘</span> <span class='ocrx_word' id='word_1_378' title='bbox 360 3579 426 3658; x_wconf 91' lang='lat' dir='ltr'>anly</span> <span class='ocrx_word' id='word_1_379' title='bbox 440 3580 484 3639; x_wconf 81' lang='lat' dir='ltr'>ior</span> <span class='ocrx_word' id='word_1_380' title='bbox 493 3580 553 3640; x_wconf 82' lang='grc'><strong>301.</strong></span> <span class='ocrx_word' id='word_1_381' title='bbox 567 3578 634 3637; x_wconf 82' lang='lat' dir='ltr'>with</span> <span class='ocrx_word' id='word_1_382' title='bbox 648 3577 739 3636; x_wconf 81' lang='lat' dir='ltr'>whom</span> <span class='ocrx_word' id='word_1_383' title='bbox 752 3577 828 3634; x_wconf 77' lang='lat' dir='ltr'>laam</span> <span class='ocrx_word' id='word_1_384' title='bbox 840 3576 864 3634; x_wconf 92' lang='lat' dir='ltr'>it</span> <span class='ocrx_word' id='word_1_385' title='bbox 877 3575 935 3633; x_wconf 85' lang='lat' dir='ltr'>ina</span> <span class='ocrx_word' id='word_1_386' title='bbox 950 3576 1109 3634; x_wconf 81' lang='lat' dir='ltr'>Neoklace.</span> <span class='ocrx_word' id='word_1_387' title='bbox 1151 3576 1208 3634; x_wconf 87' lang='lat' dir='ltr'>She</span> <span class='ocrx_word' id='word_1_388' title='bbox 1219 3576 1330 3635; x_wconf 79' lang='lat' dir='ltr'>refused</span> <span class='ocrx_word' id='word_1_389' title='bbox 1342 3578 1401 3636; x_wconf 81' lang='lat' dir='ltr'>snt.</span> <span class='ocrx_word' id='word_1_390' title='bbox 1421 3578 1465 3636; x_wconf 83' lang='lat' dir='ltr'>ior</span> <span class='ocrx_word' id='word_1_391' title='bbox 1478 3578 1512 3647; x_wconf 88' lang='lat' dir='ltr'>it,</span> <span class='ocrx_word' id='word_1_392' title='bbox 1525 3578 1596 3637; x_wconf 76' lang='lat' dir='ltr'>from</span> <span class='ocrx_word' id='word_1_393' title='bbox 1608 3579 1656 3639; x_wconf 86' lang='lat' dir='ltr'>the</span> <span class='ocrx_word' id='word_1_394' title='bbox 1669 3581 1727 3640; x_wconf 85' lang='lat' dir='ltr'>late</span> <span class='ocrx_word' id='word_1_395' title='bbox 1738 3582 1868 3642; x_wconf 85' lang='lat' dir='ltr'>Duabess</span> <span class='ocrx_word' id='word_1_396' title='bbox 1880 3585 1915 3643; x_wconf 82' lang='lat' dir='ltr'>oi</span> 
     </span>
     <span class='ocr_line' id='line_1_30' title="bbox 329 3658 1912 3764; baseline 0.005 -24"><span class='ocrx_word' id='word_1_397' title='bbox 329 3686 352 3717; x_wconf 80' lang='lat'>‘⁴</span> <span class='ocrx_word' id='word_1_398' title='bbox 363 3681 524 3741; x_wconf 83' lang='lat' dir='ltr'>Ormond.&#39;’</span> <span class='ocrx_word' id='word_1_399' title='bbox 539 3658 760 3756; x_wconf 72' lang='lat' dir='ltr'>(4)-Plurima</span> <span class='ocrx_word' id='word_1_400' title='bbox 772 3681 832 3738; x_wconf 87' lang='lat' dir='ltr'>auri</span> <span class='ocrx_word' id='word_1_401' title='bbox 843 3690 873 3738; x_wconf 91' lang='lat' dir='ltr'>et</span> <span class='ocrx_word' id='word_1_402' title='bbox 885 3680 993 3760; x_wconf 88' lang='lat' dir='ltr'>argenti</span> <span class='ocrx_word' id='word_1_403' title='bbox 1003 3679 1117 3737; x_wconf 76' lang='lat' dir='ltr'>fabrilia</span> <span class='ocrx_word' id='word_1_404' title='bbox 1130 3679 1329 3748; x_wconf 84' lang='lat' dir='ltr'>vetustissima,</span> <span class='ocrx_word' id='word_1_405' title='bbox 1340 3679 1466 3755; x_wconf 87' lang='lat' dir='ltr'>plurima</span> <span class='ocrx_word' id='word_1_406' title='bbox 1478 3681 1666 3742; x_wconf 81' lang='lat' dir='ltr'>instrumenta</span> <span class='ocrx_word' id='word_1_407' title='bbox 1673 3703 1771 3754; x_wconf 86' lang='lat' dir='ltr'>aurea,</span> <span class='ocrx_word' id='word_1_408' title='bbox 1788 3707 1912 3764; x_wconf 86' lang='lat' dir='ltr'>quorum</span> 
     </span>
     <span class='ocr_line' id='line_1_31' title="bbox 330 3781 1911 3862; baseline 0.004 -20"><span class='ocrx_word' id='word_1_409' title='bbox 330 3803 398 3842; x_wconf 87' lang='lat' dir='ltr'>usus</span> <span class='ocrx_word' id='word_1_410' title='bbox 419 3783 505 3843; x_wconf 88' lang='lat' dir='ltr'>hodie</span> <span class='ocrx_word' id='word_1_411' title='bbox 525 3804 639 3862; x_wconf 87' lang='lat' dir='ltr'>prorsus</span> <span class='ocrx_word' id='word_1_412' title='bbox 652 3786 807 3862; x_wconf 90' lang='lat' dir='ltr'>ignoratur,</span> <span class='ocrx_word' id='word_1_413' title='bbox 826 3784 958 3862; x_wconf 85' lang='lat' dir='ltr'>quaedam</span> <span class='ocrx_word' id='word_1_414' title='bbox 980 3785 1066 3841; x_wconf 89' lang='lat' dir='ltr'>etiam</span> <span class='ocrx_word' id='word_1_415' title='bbox 1085 3783 1170 3861; x_wconf 91' lang='lat' dir='ltr'>longe</span> <span class='ocrx_word' id='word_1_416' title='bbox 1193 3782 1302 3839; x_wconf 85' lang='lat' dir='ltr'>diversa</span> <span class='ocrx_word' id='word_1_417' title='bbox 1322 3784 1359 3838; x_wconf 87' lang='lat' dir='ltr'>ab</span> <span class='ocrx_word' id='word_1_418' title='bbox 1374 3781 1431 3838; x_wconf 91' lang='lat' dir='ltr'>huc</span> <span class='ocrx_word' id='word_1_419' title='bbox 1446 3801 1535 3858; x_wconf 86' lang='lat' dir='ltr'>usque</span> <span class='ocrx_word' id='word_1_420' title='bbox 1561 3785 1680 3844; x_wconf 84' lang='lat' dir='ltr'>inventis</span> <span class='ocrx_word' id='word_1_421' title='bbox 1702 3789 1730 3844; x_wconf 91' lang='lat' dir='ltr'>in</span> <span class='ocrx_word' id='word_1_422' title='bbox 1753 3788 1911 3862; x_wconf 88' lang='lat' dir='ltr'>Britannia,</span> 
     </span>
     <span class='ocr_line' id='line_1_32' title="bbox 330 3887 1913 3967; baseline 0.004 -21"><span class='ocrx_word' id='word_1_423' title='bbox 330 3889 457 3966; x_wconf 85' lang='lat' dir='ltr'>quotidie</span> <span class='ocrx_word' id='word_1_424' title='bbox 478 3889 595 3949; x_wconf 80' lang='lat' dir='ltr'>inveniri</span> <span class='ocrx_word' id='word_1_425' title='bbox 610 3890 747 3967; x_wconf 87' lang='lat' dir='ltr'>contingit</span> <span class='ocrx_word' id='word_1_426' title='bbox 759 3892 790 3949; x_wconf 91' lang='lat' dir='ltr'>in</span> <span class='ocrx_word' id='word_1_427' title='bbox 809 3891 880 3948; x_wconf 87' lang='lat' dir='ltr'>locis</span> <span class='ocrx_word' id='word_1_428' title='bbox 889 3891 1079 3949; x_wconf 86' lang='lat' dir='ltr'>subterraneis</span> <span class='ocrx_word' id='word_1_429' title='bbox 1094 3899 1125 3949; x_wconf 88' lang='lat' dir='ltr'>et</span> <span class='ocrx_word' id='word_1_430' title='bbox 1138 3888 1255 3948; x_wconf 83' lang='lat' dir='ltr'>desertis</span> <span class='ocrx_word' id='word_1_431' title='bbox 1272 3887 1426 3954; x_wconf 75' lang='lat' dir='ltr'>Hibernia,</span> <span class='ocrx_word' id='word_1_432' title='bbox 1447 3905 1624 3965; x_wconf 78' lang='lat' dir='ltr'>supraque,</span> <span class='ocrx_word' id='word_1_433' title='bbox 1646 3909 1664 3948; x_wconf 90' lang='lat' dir='ltr'>a</span> <span class='ocrx_word' id='word_1_434' title='bbox 1685 3890 1815 3967; x_wconf 89' lang='lat' dir='ltr'>pluribus</span> <span class='ocrx_word' id='word_1_435' title='bbox 1839 3905 1913 3954; x_wconf 89' lang='lat' dir='ltr'>retrn</span> 
     </span>
     <span class='ocr_line' id='line_1_33' title="bbox 334 3990 1914 4074; baseline 0.002 -21"><span class='ocrx_word' id='word_1_436' title='bbox 334 3995 446 4066; x_wconf 67' lang='lat' dir='ltr'>meniis,</span> <span class='ocrx_word' id='word_1_437' title='bbox 459 3995 621 4072; x_wconf 85' lang='lat' dir='ltr'>superficies</span> <span class='ocrx_word' id='word_1_438' title='bbox 635 3996 782 4073; x_wconf 89' lang='lat' dir='ltr'>paludosa,</span> <span class='ocrx_word' id='word_1_439' title='bbox 797 3995 923 4071; x_wconf 82' lang='lat' dir='ltr'>virgultis</span> <span class='ocrx_word' id='word_1_440' title='bbox 937 3996 1120 4073; x_wconf 84' lang='lat' dir='ltr'>sylvestribus</span> <span class='ocrx_word' id='word_1_441' title='bbox 1140 3994 1261 4063; x_wconf 89' lang='lat' dir='ltr'>consita,</span> <span class='ocrx_word' id='word_1_442' title='bbox 1280 4011 1371 4068; x_wconf 85' lang='lat' dir='ltr'>usque</span> <span class='ocrx_word' id='word_1_443' title='bbox 1392 3991 1428 4048; x_wconf 88' lang='lat' dir='ltr'>ad</span> <span class='ocrx_word' id='word_1_444' title='bbox 1454 3990 1633 4052; x_wconf 85' lang='lat' dir='ltr'>altitudinem</span> <span class='ocrx_word' id='word_1_445' title='bbox 1656 3996 1763 4071; x_wconf 88' lang='lat' dir='ltr'>pedum</span> <span class='ocrx_word' id='word_1_446' title='bbox 1777 4003 1817 4056; x_wconf 79' lang='lat'>20</span> <span class='ocrx_word' id='word_1_447' title='bbox 1829 4016 1914 4074; x_wconf 83' lang='lat' dir='ltr'>supra</span> 
     </span>
    </p>
   </div>
   <div class='ocr_carea' id='block_1_5' title="bbox 351 4290 1917 4838">
    <p class='ocr_par' dir='ltr' id='par_1_5' title="bbox 352 4290 1291 4358">
     <span class='ocr_line' id='line_1_34' title="bbox 352 4290 1291 4358; baseline 0.012 -21"><span class='ocrx_word' id='word_1_448' title='bbox 352 4290 398 4354; x_wconf 82' lang='lat'>(1)</span> <span class='ocrx_word' id='word_1_449' title='bbox 413 4291 504 4339; x_wconf 76' lang='lat' dir='ltr'>Neruii</span> <span class='ocrx_word' id='word_1_450' title='bbox 515 4296 574 4342; x_wconf 90' lang='lat' dir='ltr'>edit.</span> <span class='ocrx_word' id='word_1_451' title='bbox 587 4298 696 4347; x_wconf 84' lang='lat' dir='ltr'>Bertram</span> <span class='ocrx_word' id='word_1_452' title='bbox 706 4301 817 4358; x_wconf 78' lang='lat' dir='ltr'>Hannia,</span> <span class='ocrx_word' id='word_1_453' title='bbox 829 4303 901 4357; x_wconf 90' lang='grc'><strong>1759,</strong></span> <span class='ocrx_word' id='word_1_454' title='bbox 912 4312 938 4348; x_wconf 87' lang='lat' dir='ltr'>et</span> <span class='ocrx_word' id='word_1_455' title='bbox 946 4299 1017 4356; x_wconf 89' lang='lat' dir='ltr'>Gale,</span> <span class='ocrx_word' id='word_1_456' title='bbox 1029 4299 1109 4356; x_wconf 83' lang='lat' dir='ltr'>Oxou,</span> <span class='ocrx_word' id='word_1_457' title='bbox 1121 4303 1192 4349; x_wconf 85' lang='grc'><strong>1591.</strong></span> <span class='ocrx_word' id='word_1_458' title='bbox 1288 4332 1291 4342; x_wconf 87' lang='lat'><em>·</em></span> 
     </span>
    </p>

    <p class='ocr_par' dir='ltr' id='par_1_6' title="bbox 351 4369 1915 4603">
     <span class='ocr_line' id='line_1_35' title="bbox 352 4369 1915 4444; baseline 0.002 -24"><span class='ocrx_word' id='word_1_459' title='bbox 352 4370 397 4436; x_wconf 80' lang='lat'>(2)</span> <span class='ocrx_word' id='word_1_460' title='bbox 412 4369 476 4419; x_wconf 87' lang='lat' dir='ltr'>Vide</span> <span class='ocrx_word' id='word_1_461' title='bbox 484 4386 555 4434; x_wconf 76' lang='lat' dir='ltr'>supra</span> <span class='ocrx_word' id='word_1_462' title='bbox 566 4385 615 4422; x_wconf 91' lang='lat' dir='ltr'>not.</span> <span class='ocrx_word' id='word_1_463' title='bbox 627 4379 658 4424; x_wconf 84' lang='lat' dir='ltr'>ad</span> <span class='ocrx_word' id='word_1_464' title='bbox 669 4394 726 4426; x_wconf 87' lang='lat' dir='ltr'>ann.</span> <span class='ocrx_word' id='word_1_465' title='bbox 739 4385 797 4435; x_wconf 85' lang='grc'><strong>500,</strong></span> <span class='ocrx_word' id='word_1_466' title='bbox 810 4385 896 4444; x_wconf 81' lang='lat' dir='ltr'>peg.9,</span> <span class='ocrx_word' id='word_1_467' title='bbox 907 4388 933 4428; x_wconf 90' lang='lat' dir='ltr'>et</span> <span class='ocrx_word' id='word_1_468' title='bbox 945 4382 976 4428; x_wconf 86' lang='lat' dir='ltr'>ad</span> <span class='ocrx_word' id='word_1_469' title='bbox 987 4395 1045 4431; x_wconf 89' lang='lat' dir='ltr'>ann.</span> <span class='ocrx_word' id='word_1_470' title='bbox 1056 4384 1114 4436; x_wconf 86' lang='grc'><strong>650,</strong></span> <span class='ocrx_word' id='word_1_471' title='bbox 1125 4397 1149 4443; x_wconf 94' lang='lat' dir='ltr'>p.</span> <span class='ocrx_word' id='word_1_472' title='bbox 1161 4383 1202 4429; x_wconf 92' lang='grc'>50.</span> <span class='ocrx_word' id='word_1_473' title='bbox 1236 4379 1275 4427; x_wconf 84' lang='lat' dir='ltr'>De</span> <span class='ocrx_word' id='word_1_474' title='bbox 1294 4378 1320 4427; x_wconf 78' lang='lat' dir='ltr'>S.</span> <span class='ocrx_word' id='word_1_475' title='bbox 1330 4378 1429 4426; x_wconf 84' lang='lat' dir='ltr'>Kiliano</span> <span class='ocrx_word' id='word_1_476' title='bbox 1447 4383 1546 4424; x_wconf 84' lang='lat' dir='ltr'>auctore</span> <span class='ocrx_word' id='word_1_477' title='bbox 1562 4375 1682 4424; x_wconf 82' lang='lat' dir='ltr'>Poematia</span> <span class='ocrx_word' id='word_1_478' title='bbox 1702 4373 1756 4420; x_wconf 80' lang='lat' dir='ltr'>ride</span> <span class='ocrx_word' id='word_1_479' title='bbox 1773 4372 1837 4420; x_wconf 86' lang='lat' dir='ltr'>Bed.</span> <span class='ocrx_word' id='word_1_480' title='bbox 1848 4373 1915 4423; x_wconf 67' lang='lat' dir='ltr'>Har·</span> 
     </span>
     <span class='ocr_line' id='line_1_36' title="bbox 351 4450 1915 4520; baseline 0.002 -20"><span class='ocrx_word' id='word_1_481' title='bbox 351 4450 457 4517; x_wconf 88' lang='lat' dir='ltr'>tyrolog.</span> <span class='ocrx_word' id='word_1_482' title='bbox 468 4450 527 4498; x_wconf 86' lang='lat' dir='ltr'>edit.</span> <span class='ocrx_word' id='word_1_483' title='bbox 539 4450 705 4517; x_wconf 79' lang='lat' dir='ltr'>cantabrigia,</span> <span class='ocrx_word' id='word_1_484' title='bbox 716 4473 770 4520; x_wconf 83' lang='lat' dir='ltr'>pag.</span> <span class='ocrx_word' id='word_1_485' title='bbox 782 4462 839 4513; x_wconf 69' lang='grc'><strong>115,</strong></span> <span class='ocrx_word' id='word_1_486' title='bbox 850 4460 993 4508; x_wconf 79' lang='lat' dir='ltr'>etBr&#39;lrlietlr.</span> <span class='ocrx_word' id='word_1_487' title='bbox 1006 4459 1134 4508; x_wconf 75' lang='lat' dir='ltr'>Hiberniee</span> <span class='ocrx_word' id='word_1_488' title='bbox 1144 4462 1236 4508; x_wconf 83' lang='lat' dir='ltr'>Cotton.</span> <span class='ocrx_word' id='word_1_489' title='bbox 1253 4459 1321 4506; x_wconf 83' lang='lat' dir='ltr'>Nero</span> <span class='ocrx_word' id='word_1_490' title='bbox 1332 4457 1362 4505; x_wconf 83' lang='lat' dir='ltr'>C.</span> <span class='ocrx_word' id='word_1_491' title='bbox 1374 4457 1405 4504; x_wconf 89' lang='lat' dir='ltr'>v.</span> <span class='ocrx_word' id='word_1_492' title='bbox 1416 4456 1469 4505; x_wconf 80' lang='lat' dir='ltr'>MS.</span> <span class='ocrx_word' id='word_1_493' title='bbox 1481 4457 1506 4503; x_wconf 89' lang='lat' dir='ltr'>in</span> <span class='ocrx_word' id='word_1_494' title='bbox 1516 4455 1646 4504; x_wconf 77' lang='lat' dir='ltr'>Stowenae.</span> <span class='ocrx_word' id='word_1_495' title='bbox 1677 4451 1915 4517; x_wconf 77' lang='lat' dir='ltr'>Nnacoafnadendaa</span> 
     </span>
     <span class='ocr_line' id='line_1_37' title="bbox 355 4531 1705 4603; baseline -0.001 -21"><span class='ocrx_word' id='word_1_496' title='bbox 355 4549 410 4583; x_wconf 83' lang='lat' dir='ltr'>enm</span> <span class='ocrx_word' id='word_1_497' title='bbox 422 4531 517 4581; x_wconf 80' lang='lat' dir='ltr'>Kiliarw</span> <span class='ocrx_word' id='word_1_498' title='bbox 529 4531 626 4580; x_wconf 78' lang='lat' dir='ltr'>Abbate</span> <span class='ocrx_word' id='word_1_499' title='bbox 638 4533 779 4582; x_wconf 84' lang='lat' dir='ltr'>Monaaterii</span> <span class='ocrx_word' id='word_1_500' title='bbox 791 4535 868 4584; x_wconf 69' lang='lat' dir='ltr'>laena</span> <span class='ocrx_word' id='word_1_501' title='bbox 878 4536 953 4599; x_wconf 86' lang='lat' dir='ltr'>Gerg,</span> <span class='ocrx_word' id='word_1_502' title='bbox 964 4538 996 4585; x_wconf 82' lang='lat' dir='ltr'>da</span> <span class='ocrx_word' id='word_1_503' title='bbox 1006 4554 1053 4602; x_wconf 91' lang='lat' dir='ltr'>qno</span> <span class='ocrx_word' id='word_1_504' title='bbox 1064 4555 1136 4603; x_wconf 86' lang='lat' dir='ltr'>anpra</span> <span class='ocrx_word' id='word_1_505' title='bbox 1147 4541 1178 4587; x_wconf 86' lang='lat' dir='ltr'>ad</span> <span class='ocrx_word' id='word_1_506' title='bbox 1187 4540 1313 4586; x_wconf 71' lang='lat' dir='ltr'>aun-721.</span> <span class='ocrx_word' id='word_1_507' title='bbox 1337 4534 1427 4586; x_wconf 77' lang='lat' dir='ltr'>Confer</span> <span class='ocrx_word' id='word_1_508' title='bbox 1439 4534 1557 4584; x_wconf 80' lang='lat' dir='ltr'>Primord.</span> <span class='ocrx_word' id='word_1_509' title='bbox 1566 4549 1622 4598; x_wconf 85' lang='lat' dir='ltr'>pag.</span> <span class='ocrx_word' id='word_1_510' title='bbox 1635 4534 1705 4581; x_wconf 84' lang='grc'><strong>1050.</strong></span> 
     </span>
    </p>

    <p class='ocr_par' dir='ltr' id='par_1_7' title="bbox 355 4610 1671 4677">
     <span class='ocr_line' id='line_1_38' title="bbox 355 4610 1671 4677; baseline 0.002 -16"><span class='ocrx_word' id='word_1_511' title='bbox 355 4612 400 4676; x_wconf 74' lang='grc'>(5)</span> <span class='ocrx_word' id='word_1_512' title='bbox 415 4610 837 4677; x_wconf 70' lang='lat' dir='ltr'>Sunt·rlteny,nubtin,1rno,p.</span> <span class='ocrx_word' id='word_1_513' title='bbox 849 4618 890 4669; x_wconf 77' lang='grc'>94,</span> <span class='ocrx_word' id='word_1_514' title='bbox 899 4618 925 4670; x_wconf 85' lang='grc'>5,</span> <span class='ocrx_word' id='word_1_515' title='bbox 933 4620 959 4671; x_wconf 81' lang='grc'>7,</span> <span class='ocrx_word' id='word_1_516' title='bbox 971 4621 1026 4672; x_wconf 83' lang='grc'><strong>195,</strong></span> <span class='ocrx_word' id='word_1_517' title='bbox 1039 4621 1095 4674; x_wconf 76' lang='grc'><strong>148,</strong></span> <span class='ocrx_word' id='word_1_518' title='bbox 1105 4623 1163 4674; x_wconf 73' lang='grc'><strong>409,</strong></span> <span class='ocrx_word' id='word_1_519' title='bbox 1180 4621 1221 4672; x_wconf 93' lang='grc'><strong>10,</strong></span> <span class='ocrx_word' id='word_1_520' title='bbox 1237 4621 1274 4663; x_wconf 94' lang='grc'>11.</span> <span class='ocrx_word' id='word_1_521' title='bbox 1670 4655 1671 4658; x_wconf 66' lang='lat'>,</span> 
     </span>
    </p>

    <p class='ocr_par' dir='ltr' id='par_1_8' title="bbox 355 4691 1917 4838">
     <span class='ocr_line' id='line_1_39' title="bbox 355 4691 1917 4762; baseline 0.001 -22"><span class='ocrx_word' id='word_1_522' title='bbox 355 4692 398 4754; x_wconf 80' lang='grc'>(1)</span> <span class='ocrx_word' id='word_1_523' title='bbox 414 4692 589 4758; x_wconf 80' lang='lat' dir='ltr'>Philosophieal</span> <span class='ocrx_word' id='word_1_524' title='bbox 600 4692 723 4741; x_wconf 76' lang='lat' dir='ltr'>Transeat</span> <span class='ocrx_word' id='word_1_525' title='bbox 734 4694 783 4742; x_wconf 84' lang='lat' dir='ltr'>rol.</span> <span class='ocrx_word' id='word_1_526' title='bbox 793 4693 858 4741; x_wconf 83' lang='lat' dir='ltr'>xviii.</span> <span class='ocrx_word' id='word_1_527' title='bbox 869 4708 893 4756; x_wconf 80' lang='lat' dir='ltr'>p·</span> <span class='ocrx_word' id='word_1_528' title='bbox 905 4696 962 4742; x_wconf 84' lang='grc'><strong>659.</strong></span> <span class='ocrx_word' id='word_1_529' title='bbox 1013 4703 1030 4726; x_wconf 81' lang='grc'><strong>“</strong></span> <span class='ocrx_word' id='word_1_530' title='bbox 1038 4697 1089 4746; x_wconf 84' lang='lat' dir='ltr'>The</span> <span class='ocrx_word' id='word_1_531' title='bbox 1101 4698 1181 4762; x_wconf 81' lang='lat' dir='ltr'>Karry</span> <span class='ocrx_word' id='word_1_532' title='bbox 1192 4697 1272 4761; x_wconf 79' lang='lat' dir='ltr'>pearls</span> <span class='ocrx_word' id='word_1_533' title='bbox 1282 4709 1323 4744; x_wconf 84' lang='lat' dir='ltr'>ara</span> <span class='ocrx_word' id='word_1_534' title='bbox 1334 4696 1423 4744; x_wconf 87' lang='lat' dir='ltr'>barder</span> <span class='ocrx_word' id='word_1_535' title='bbox 1432 4696 1490 4744; x_wconf 83' lang='lat' dir='ltr'>than</span> <span class='ocrx_word' id='word_1_536' title='bbox 1501 4695 1568 4744; x_wconf 86' lang='lat' dir='ltr'>tbnae</span> <span class='ocrx_word' id='word_1_537' title='bbox 1580 4692 1641 4742; x_wconf 82' lang='lat' dir='ltr'>iram</span> <span class='ocrx_word' id='word_1_538' title='bbox 1652 4691 1749 4748; x_wconf 80' lang='lat' dir='ltr'>Bristnl,</span> <span class='ocrx_word' id='word_1_539' title='bbox 1771 4692 1858 4755; x_wconf 81' lang='lat' dir='ltr'>largar,</span> <span class='ocrx_word' id='word_1_540' title='bbox 1868 4693 1917 4742; x_wconf 85' lang='lat' dir='ltr'>aad</span> 
     </span>
     <span class='ocr_line' id='line_1_40' title="bbox 357 4771 1046 4838; baseline 0.006 -20"><span class='ocrx_word' id='word_1_541' title='bbox 357 4771 420 4818; x_wconf 80' lang='lat' dir='ltr'>bara</span> <span class='ocrx_word' id='word_1_542' title='bbox 430 4772 529 4824; x_wconf 81' lang='lat' dir='ltr'>abattar</span> <span class='ocrx_word' id='word_1_543' title='bbox 539 4774 640 4824; x_wconf 72' lang='lat' dir='ltr'>lustre’·</span> <span class='ocrx_word' id='word_1_544' title='bbox 656 4771 752 4823; x_wconf 81' lang='lat' dir='ltr'>Smitb’a</span> <span class='ocrx_word' id='word_1_545' title='bbox 764 4773 854 4838; x_wconf 86' lang='lat' dir='ltr'>Kerry,</span> <span class='ocrx_word' id='word_1_546' title='bbox 863 4788 887 4837; x_wconf 91' lang='lat' dir='ltr'>p.</span> <span class='ocrx_word' id='word_1_547' title='bbox 901 4776 942 4834; x_wconf 80' lang='lat'>94,</span> <span class='ocrx_word' id='word_1_548' title='bbox 953 4780 979 4822; x_wconf 86' lang='lat' dir='ltr'>et</span> <span class='ocrx_word' id='word_1_549' title='bbox 989 4779 1046 4826; x_wconf 76' lang='lat' dir='ltr'>att.</span> 
     </span>
    </p>
   </div>
   <div class='ocr_carea' id='block_1_6' title="bbox 0 0 2235 6000">
    <p class='ocr_par' dir='ltr' id='par_1_9' title="bbox 0 0 2235 6000">
     <span class='ocr_line' id='line_1_41' title="bbox 0 0 2235 6000; baseline 0 0"><span class='ocrx_word' id='word_1_550' title='bbox 0 0 2235 6000; x_wconf 95' lang='lat' dir='ltr'> </span> 
     </span>
    </p>
   </div>
  </div>
 </body>
</html>
