<?xml version="1.0" encoding="UTF-8"?>
<!DOCTYPE html PUBLIC "-//W3C//DTD XHTML 1.0 Transitional//EN"
    "http://www.w3.org/TR/xhtml1/DTD/xhtml1-transitional.dtd">
<html xmlns="http://www.w3.org/1999/xhtml" xml:lang="en" lang="en">
 <head>
  <title>
</title>
<meta http-equiv="Content-Type" content="text/html;charset=utf-8" />
  <meta name='ocr-system' content='tesseract 3.04.00' />
  <meta name='ocr-capabilities' content='ocr_page ocr_carea ocr_par ocr_line ocrx_word'/>
</head>
<body>
  <div class='ocr_page' id='page_1' title='image "./rerumhibernicar00tigegoog_0415.png"; bbox 0 0 4446 6000; ppageno 0'>
   <div class='ocr_carea' id='block_1_1' title="bbox 324 512 1458 620">
    <p class='ocr_par' dir='ltr' id='par_1_1' title="bbox 324 512 1458 620">
     <span class='ocr_line' id='line_1_1' title="bbox 324 512 1458 620; baseline -0.019 -2"><span class='ocrx_word' id='word_1_1' title='bbox 324 512 437 620; x_wconf 65' lang='lat'>394</span> <span class='ocrx_word' id='word_1_2' title='bbox 759 539 1017 605; x_wconf 64' lang='lat' dir='ltr'>anninus</span> <span class='ocrx_word' id='word_1_3' title='bbox 1059 533 1458 600; x_wconf 77' lang='lat' dir='ltr'>urrourrusns.</span> 
     </span>
    </p>
   </div>
   <div class='ocr_carea' id='block_1_2' title="bbox 222 710 1943 4529">
    <p class='ocr_par' dir='ltr' id='par_1_2' title="bbox 222 710 1928 3151">
     <span class='ocr_line' id='line_1_2' title="bbox 326 710 1916 811; baseline -0.006 -15"><span class='ocrx_word' id='word_1_4' title='bbox 326 719 515 796; x_wconf 73' lang='lat' dir='ltr'>vindicari</span> <span class='ocrx_word' id='word_1_5' title='bbox 533 745 554 793; x_wconf 84' lang='lat' dir='ltr'>a</span> <span class='ocrx_word' id='word_1_6' title='bbox 573 719 656 792; x_wconf 90' lang='lat' dir='ltr'>Deo</span> <span class='ocrx_word' id='word_1_7' title='bbox 673 727 710 790; x_wconf 91' lang='lat' dir='ltr'>et</span> <span class='ocrx_word' id='word_1_8' title='bbox 726 716 772 790; x_wconf 86' lang='lat' dir='ltr'>ab</span> <span class='ocrx_word' id='word_1_9' title='bbox 794 715 1007 789; x_wconf 90' lang='lat' dir='ltr'>hominibus</span> <span class='ocrx_word' id='word_1_10' title='bbox 1023 714 1069 786; x_wconf 90' lang='lat' dir='ltr'>de</span> <span class='ocrx_word' id='word_1_11' title='bbox 1089 715 1186 785; x_wconf 87' lang='lat' dir='ltr'>malo</span> <span class='ocrx_word' id='word_1_12' title='bbox 1204 713 1284 802; x_wconf 89' lang='lat' dir='ltr'>isto,</span> <span class='ocrx_word' id='word_1_13' title='bbox 1306 725 1453 811; x_wconf 89' lang='lat' dir='ltr'>propter</span> <span class='ocrx_word' id='word_1_14' title='bbox 1469 710 1640 810; x_wconf 85' lang='lat' dir='ltr'>injuriam</span> <span class='ocrx_word' id='word_1_15' title='bbox 1664 736 1777 809; x_wconf 87' lang='lat' dir='ltr'>quam</span> <span class='ocrx_word' id='word_1_16' title='bbox 1803 713 1916 789; x_wconf 90' lang='lat' dir='ltr'>obtu-</span> 
     </span>
     <span class='ocr_line' id='line_1_3' title="bbox 325 836 1916 939; baseline -0.007 -17"><span class='ocrx_word' id='word_1_17' title='bbox 325 850 456 922; x_wconf 76' lang='lat' dir='ltr'>lerunt</span> <span class='ocrx_word' id='word_1_18' title='bbox 476 844 624 918; x_wconf 86' lang='lat' dir='ltr'>Vieario</span> <span class='ocrx_word' id='word_1_19' title='bbox 643 842 804 931; x_wconf 85' lang='lat' dir='ltr'>Patricii,</span> <span class='ocrx_word' id='word_1_20' title='bbox 815 840 928 939; x_wconf 89' lang='lat' dir='ltr'>juxta</span> <span class='ocrx_word' id='word_1_21' title='bbox 942 838 1182 911; x_wconf 87' lang='lat' dir='ltr'>minationem</span> <span class='ocrx_word' id='word_1_22' title='bbox 1204 836 1286 908; x_wconf 86' lang='lat' dir='ltr'>Dei.</span> <span class='ocrx_word' id='word_1_23' title='bbox 1342 837 1441 908; x_wconf 90' lang='lat' dir='ltr'>Nam</span> <span class='ocrx_word' id='word_1_24' title='bbox 1473 837 1637 909; x_wconf 88' lang='lat' dir='ltr'>minatur</span> <span class='ocrx_word' id='word_1_25' title='bbox 1654 838 1817 911; x_wconf 84' lang='lat' dir='ltr'>Trinitas</span> <span class='ocrx_word' id='word_1_26' title='bbox 1838 839 1916 937; x_wconf 79' lang='lat' dir='ltr'>ipsa</span> 
     </span>
     <span class='ocr_line' id='line_1_4' title="bbox 332 959 1915 1062; baseline -0.004 -21"><span class='ocrx_word' id='word_1_27' title='bbox 332 969 371 1041; x_wconf 94' lang='lat' dir='ltr'>in</span> <span class='ocrx_word' id='word_1_28' title='bbox 393 965 610 1062; x_wconf 86' lang='lat' dir='ltr'>Evangeli0‚</span> <span class='ocrx_word' id='word_1_29' title='bbox 652 964 754 1060; x_wconf 87' lang='lat' dir='ltr'>“qui</span> <span class='ocrx_word' id='word_1_30' title='bbox 781 989 846 1036; x_wconf 89' lang='lat' dir='ltr'>vos</span> <span class='ocrx_word' id='word_1_31' title='bbox 867 962 1004 1062; x_wconf 87' lang='lat' dir='ltr'>spernit</span> <span class='ocrx_word' id='word_1_32' title='bbox 1024 985 1081 1034; x_wconf 89' lang='lat' dir='ltr'>me</span> <span class='ocrx_word' id='word_1_33' title='bbox 1097 960 1245 1057; x_wconf 90' lang='lat' dir='ltr'>spernit,</span> <span class='ocrx_word' id='word_1_34' title='bbox 1282 973 1319 1032; x_wconf 86' lang='lat' dir='ltr'>et</span> <span class='ocrx_word' id='word_1_35' title='bbox 1339 960 1402 1055; x_wconf 92' lang='lat' dir='ltr'>qui</span> <span class='ocrx_word' id='word_1_36' title='bbox 1421 959 1560 1058; x_wconf 86' lang='lat' dir='ltr'>spernit</span> <span class='ocrx_word' id='word_1_37' title='bbox 1580 984 1649 1049; x_wconf 90' lang='lat' dir='ltr'>me,</span> <span class='ocrx_word' id='word_1_38' title='bbox 1673 961 1811 1058; x_wconf 87' lang='lat' dir='ltr'>spernit</span> <span class='ocrx_word' id='word_1_39' title='bbox 1827 986 1915 1034; x_wconf 85' lang='lat' dir='ltr'>eum</span> 
     </span>
     <span class='ocr_line' id='line_1_5' title="bbox 324 1083 1911 1187; baseline -0.003 -25"><span class='ocrx_word' id='word_1_40' title='bbox 324 1090 396 1187; x_wconf 79' lang='lat' dir='ltr'>qui</span> <span class='ocrx_word' id='word_1_41' title='bbox 412 1113 470 1161; x_wconf 91' lang='lat' dir='ltr'>me</span> <span class='ocrx_word' id='word_1_42' title='bbox 484 1087 623 1159; x_wconf 83' lang='lat' dir='ltr'>misit.&#39;&#39;</span> <span class='ocrx_word' id='word_1_43' title='bbox 677 1086 873 1160; x_wconf 82' lang='lat' dir='ltr'><strong>Exercitus</strong></span> <span class='ocrx_word' id='word_1_44' title='bbox 898 1101 1046 1167; x_wconf 84' lang='lat' dir='ltr'>vastans</span> <span class='ocrx_word' id='word_1_45' title='bbox 1060 1110 1159 1168; x_wconf 77' lang='lat' dir='ltr'>,curn</span> <span class='ocrx_word' id='word_1_46' title='bbox 1179 1083 1411 1157; x_wconf 79' lang='lat' dir='ltr'>Torrlelbaco</span> <span class='ocrx_word' id='word_1_47' title='bbox 1430 1083 1682 1157; x_wconf 87' lang='lat' dir='ltr'>O&#39;Concobar</span> <span class='ocrx_word' id='word_1_48' title='bbox 1699 1083 1911 1182; x_wconf 76' lang='lat' dir='ltr'>Lagenia&#39;m,</span> 
     </span>
     <span class='ocr_line' id='line_1_6' title="bbox 320 1205 1911 1303; baseline -0.003 -18"><span class='ocrx_word' id='word_1_49' title='bbox 320 1213 449 1286; x_wconf 74' lang='lat' dir='ltr'>donec</span> <span class='ocrx_word' id='word_1_50' title='bbox 468 1210 629 1282; x_wconf 83' lang='lat' dir='ltr'>vastavit</span> <span class='ocrx_word' id='word_1_51' title='bbox 646 1208 911 1283; x_wconf 87' lang='lat' dir='ltr'>Wexfordiam.</span> <span class='ocrx_word' id='word_1_52' title='bbox 951 1210 1045 1281; x_wconf 88' lang='lat' dir='ltr'>Inde</span> <span class='ocrx_word' id='word_1_53' title='bbox 1061 1207 1199 1281; x_wconf 90' lang='lat' dir='ltr'>circum</span> <span class='ocrx_word' id='word_1_54' title='bbox 1217 1205 1426 1303; x_wconf 74' lang='lat' dir='ltr'>peragravit</span> <span class='ocrx_word' id='word_1_55' title='bbox 1446 1205 1648 1302; x_wconf 84' lang='lat' dir='ltr'>Lageniam</span> <span class='ocrx_word' id='word_1_56' title='bbox 1669 1231 1783 1303; x_wconf 89' lang='lat' dir='ltr'>usque</span> <span class='ocrx_word' id='word_1_57' title='bbox 1800 1207 1911 1280; x_wconf 86' lang='lat' dir='ltr'>Dub·</span> 
     </span>
     <span class='ocr_line' id='line_1_7' title="bbox 326 1328 1911 1429; baseline -0.004 -20"><span class='ocrx_word' id='word_1_58' title='bbox 326 1335 471 1420; x_wconf 91' lang='lat' dir='ltr'>linium,</span> <span class='ocrx_word' id='word_1_59' title='bbox 493 1346 531 1406; x_wconf 88' lang='lat' dir='ltr'>et</span> <span class='ocrx_word' id='word_1_60' title='bbox 548 1332 640 1406; x_wconf 88' lang='lat' dir='ltr'>fecit</span> <span class='ocrx_word' id='word_1_61' title='bbox 655 1333 767 1405; x_wconf 92' lang='lat' dir='ltr'>boum</span> <span class='ocrx_word' id='word_1_62' title='bbox 785 1333 924 1429; x_wconf 73' lang='lat' dir='ltr'>predas</span> <span class='ocrx_word' id='word_1_63' title='bbox 943 1331 1114 1429; x_wconf 86' lang='lat' dir='ltr'>ingentes</span> <span class='ocrx_word' id='word_1_64' title='bbox 1135 1330 1170 1402; x_wconf 89' lang='lat' dir='ltr'>in</span> <span class='ocrx_word' id='word_1_65' title='bbox 1198 1330 1270 1401; x_wconf 86' lang='lat' dir='ltr'>isto</span> <span class='ocrx_word' id='word_1_66' title='bbox 1298 1328 1437 1401; x_wconf 86' lang='lat' dir='ltr'>itinere.</span> <span class='ocrx_word' id='word_1_67' title='bbox 1492 1332 1526 1402; x_wconf 86' lang='grc' dir='ltr'>Α</span> <span class='ocrx_word' id='word_1_68' title='bbox 1544 1328 1727 1402; x_wconf 90' lang='lat' dir='ltr'>Dublinio</span> <span class='ocrx_word' id='word_1_69' title='bbox 1745 1329 1791 1401; x_wconf 90' lang='lat' dir='ltr'>ad</span> <span class='ocrx_word' id='word_1_70' title='bbox 1807 1354 1911 1403; x_wconf 84' lang='lat' dir='ltr'>suam</span> 
     </span>
     <span class='ocr_line' id='line_1_8' title="bbox 323 1452 1928 1550; baseline -0.004 -20"><span class='ocrx_word' id='word_1_71' title='bbox 323 1459 481 1530; x_wconf 55' lang='lat' dir='ltr'>»domum</span> <span class='ocrx_word' id='word_1_72' title='bbox 501 1456 646 1528; x_wconf 90' lang='lat' dir='ltr'>iterum.</span> <span class='ocrx_word' id='word_1_73' title='bbox 700 1455 766 1526; x_wconf 89' lang='lat' dir='ltr'>Est</span> <span class='ocrx_word' id='word_1_74' title='bbox 784 1469 874 1527; x_wconf 90' lang='lat' dir='ltr'>nota</span> <span class='ocrx_word' id='word_1_75' title='bbox 892 1452 1114 1527; x_wconf 81' lang='lat' dir='ltr'>malaefamae</span> <span class='ocrx_word' id='word_1_76' title='bbox 1134 1452 1320 1525; x_wconf 75' lang='lat' dir='ltr'>exercitus</span> <span class='ocrx_word' id='word_1_77' title='bbox 1338 1453 1443 1523; x_wconf 89' lang='lat' dir='ltr'>istius</span> <span class='ocrx_word' id='word_1_78' title='bbox 1461 1476 1569 1550; x_wconf 92' lang='lat' dir='ltr'>super</span> <span class='ocrx_word' id='word_1_79' title='bbox 1586 1452 1841 1549; x_wconf 85' lang='lat' dir='ltr'>Tigernanum</span> <span class='ocrx_word' id='word_1_80' title='bbox 1864 1452 1928 1524; x_wconf 88' lang='lat'>0’·</span> 
     </span>
     <span class='ocr_line' id='line_1_9' title="bbox 330 1575 1913 1674; baseline -0.005 -19"><span class='ocrx_word' id='word_1_81' title='bbox 330 1583 454 1656; x_wconf 86' lang='lat' dir='ltr'>Ruarc</span> <span class='ocrx_word' id='word_1_82' title='bbox 472 1584 534 1673; x_wconf 89' lang='lat' dir='ltr'>(ut</span> <span class='ocrx_word' id='word_1_83' title='bbox 553 1579 769 1669; x_wconf 86' lang='lat' dir='ltr'>suasorem.)</span> <span class='ocrx_word' id='word_1_84' title='bbox 789 1576 988 1649; x_wconf 84' lang='lat' dir='ltr'>Exercitus</span> <span class='ocrx_word' id='word_1_85' title='bbox 1008 1602 1093 1648; x_wconf 91' lang='lat' dir='ltr'>cum</span> <span class='ocrx_word' id='word_1_86' title='bbox 1115 1576 1258 1673; x_wconf 85' lang='lat' dir='ltr'>Magno</span> <span class='ocrx_word' id='word_1_87' title='bbox 1272 1576 1703 1673; x_wconf 25' lang='lat' dir='ltr'>etll&#39;ernmoyensibusiu</span> <span class='ocrx_word' id='word_1_88' title='bbox 1724 1575 1913 1674; x_wconf 86' lang='lat' dir='ltr'>regionem</span> 
     </span>
     <span class='ocr_line' id='line_1_10' title="bbox 250 1697 1913 1797; baseline -0.005 -17"><span class='ocrx_word' id='word_1_89' title='bbox 250 1697 253 1706; x_wconf 46' lang='lat'><strong>¹</strong></span> <span class='ocrx_word' id='word_1_90' title='bbox 326 1706 577 1793; x_wconf 88' lang='lat' dir='ltr'>Briuniorum,</span> <span class='ocrx_word' id='word_1_91' title='bbox 593 1703 717 1774; x_wconf 87' lang='lat' dir='ltr'>donec</span> <span class='ocrx_word' id='word_1_92' title='bbox 743 1700 977 1771; x_wconf 85' lang='lat' dir='ltr'>abstulerunt</span> <span class='ocrx_word' id='word_1_93' title='bbox 994 1698 1164 1795; x_wconf 81' lang='lat' dir='ltr'>captivos</span> <span class='ocrx_word' id='word_1_94' title='bbox 1195 1702 1343 1772; x_wconf 72' lang='lat' dir='ltr'>multon</span> <span class='ocrx_word' id='word_1_95' title='bbox 1399 1701 1478 1772; x_wconf 83' lang='lat' dir='ltr'>lvit</span> <span class='ocrx_word' id='word_1_96' title='bbox 1506 1699 1913 1797; x_wconf 86' lang='lat' dir='ltr'>Tigernanus,cum0</span> 
     </span>
     <span class='ocr_line' id='line_1_11' title="bbox 330 1821 1914 1922; baseline -0.005 -19"><span class='ocrx_word' id='word_1_97' title='bbox 330 1828 500 1915; x_wconf 90' lang='lat' dir='ltr'>Briuniis,</span> <span class='ocrx_word' id='word_1_98' title='bbox 532 1840 569 1900; x_wconf 91' lang='lat' dir='ltr'>et</span> <span class='ocrx_word' id='word_1_99' title='bbox 598 1823 867 1922; x_wconf 86' lang='lat' dir='ltr'>cumpluribus</span> <span class='ocrx_word' id='word_1_100' title='bbox 899 1821 990 1909; x_wconf 86' lang='lat' dir='ltr'>aliis,</span> <span class='ocrx_word' id='word_1_101' title='bbox 1018 1834 1150 1894; x_wconf 79' lang='lat' dir='ltr'>contra</span> <span class='ocrx_word' id='word_1_102' title='bbox 1167 1845 1228 1894; x_wconf 87' lang='lat' dir='ltr'>eos</span> <span class='ocrx_word' id='word_1_103' title='bbox 1249 1846 1363 1917; x_wconf 89' lang='lat' dir='ltr'>usque</span> <span class='ocrx_word' id='word_1_104' title='bbox 1381 1823 1518 1894; x_wconf 87' lang='lat' dir='ltr'>vadum</span> <span class='ocrx_word' id='word_1_105' title='bbox 1537 1821 1668 1895; x_wconf 86' lang='lat' dir='ltr'>Firdiae</span> <span class='ocrx_word' id='word_1_106' title='bbox 1687 1821 1914 1917; x_wconf 89' lang='lat' dir='ltr'>(Ardee.)—</span> 
     </span>
     <span class='ocr_line' id='line_1_12' title="bbox 326 1946 1909 2047; baseline -0.006 -18"><span class='ocrx_word' id='word_1_107' title='bbox 326 1955 492 2028; x_wconf 86' lang='lat' dir='ltr'>Gestum</span> <span class='ocrx_word' id='word_1_108' title='bbox 510 1966 566 2025; x_wconf 91' lang='lat' dir='ltr'>est</span> <span class='ocrx_word' id='word_1_109' title='bbox 583 1950 748 2047; x_wconf 86' lang='lat' dir='ltr'>praelium</span> <span class='ocrx_word' id='word_1_110' title='bbox 785 1948 966 2031; x_wconf 85' lang='lat' dir='ltr'>intereos,</span> <span class='ocrx_word' id='word_1_111' title='bbox 1002 1958 1040 2017; x_wconf 87' lang='lat' dir='ltr'>et</span> <span class='ocrx_word' id='word_1_112' title='bbox 1058 1946 1215 2017; x_wconf 87' lang='lat' dir='ltr'>victoria</span> <span class='ocrx_word' id='word_1_113' title='bbox 1234 1947 1280 2017; x_wconf 86' lang='lat' dir='ltr'>de</span> <span class='ocrx_word' id='word_1_114' title='bbox 1309 1947 1521 2044; x_wconf 82' lang='lat' dir='ltr'>&#39;sigemano</span> <span class='ocrx_word' id='word_1_115' title='bbox 1550 1960 1588 2020; x_wconf 88' lang='lat' dir='ltr'>et</span> <span class='ocrx_word' id='word_1_116' title='bbox 1620 1947 1667 2020; x_wconf 90' lang='lat' dir='ltr'>de</span> <span class='ocrx_word' id='word_1_117' title='bbox 1694 1947 1909 2031; x_wconf 75' lang='lat' dir='ltr'>O&#39;Briuniis</span> 
     </span>
     <span class='ocr_line' id='line_1_13' title="bbox 327 2070 1910 2175; baseline -0.003 -26"><span class='ocrx_word' id='word_1_118' title='bbox 327 2076 488 2175; x_wconf 84' lang='lat' dir='ltr'>(parta,)</span> <span class='ocrx_word' id='word_1_119' title='bbox 504 2077 541 2148; x_wconf 91' lang='lat' dir='ltr'>in</span> <span class='ocrx_word' id='word_1_120' title='bbox 556 2098 629 2170; x_wconf 88' lang='lat' dir='ltr'>qua</span> <span class='ocrx_word' id='word_1_121' title='bbox 646 2072 758 2146; x_wconf 81' lang='lat' dir='ltr'>oce-isi</span> <span class='ocrx_word' id='word_1_122' title='bbox 771 2086 858 2143; x_wconf 89' lang='lat' dir='ltr'>sunt</span> <span class='ocrx_word' id='word_1_123' title='bbox 868 2080 944 2145; x_wconf 81' lang='lat'>300</span> <span class='ocrx_word' id='word_1_124' title='bbox 952 2071 1009 2141; x_wconf 89' lang='lat' dir='ltr'>vel</span> <span class='ocrx_word' id='word_1_125' title='bbox 1024 2076 1097 2142; x_wconf 77' lang='lat'>400</span> <span class='ocrx_word' id='word_1_126' title='bbox 1112 2093 1237 2142; x_wconf 89' lang='lat' dir='ltr'>eorum</span> <span class='ocrx_word' id='word_1_127' title='bbox 1248 2070 1310 2165; x_wconf 77' lang='lat' dir='ltr'>(in</span> <span class='ocrx_word' id='word_1_128' title='bbox 1324 2071 1550 2162; x_wconf 85' lang='lat' dir='ltr'>vindictam)</span> <span class='ocrx_word' id='word_1_129' title='bbox 1569 2084 1714 2168; x_wconf 85' lang='lat' dir='ltr'>propter</span> <span class='ocrx_word' id='word_1_130' title='bbox 1729 2071 1910 2145; x_wconf 87' lang='lat' dir='ltr'>violatam</span> 
     </span>
     <span class='ocr_line' id='line_1_14' title="bbox 328 2192 1909 2274; baseline -0.004 -1"><span class='ocrx_word' id='word_1_131' title='bbox 328 2199 599 2274; x_wconf 85' lang='lat' dir='ltr'>immunitatem</span> <span class='ocrx_word' id='word_1_132' title='bbox 621 2194 782 2268; x_wconf 88' lang='lat' dir='ltr'>Patricii.</span> <span class='ocrx_word' id='word_1_133' title='bbox 837 2192 1037 2265; x_wconf 84' lang='lat' dir='ltr'>Exercitus</span> <span class='ocrx_word' id='word_1_134' title='bbox 1065 2217 1151 2266; x_wconf 91' lang='lat' dir='ltr'>cum</span> <span class='ocrx_word' id='word_1_135' title='bbox 1173 2193 1397 2266; x_wconf 84' lang='lat' dir='ltr'>Concobaro</span> <span class='ocrx_word' id='word_1_136' title='bbox 1418 2196 1465 2265; x_wconf 85' lang='lat'>0‘</span> <span class='ocrx_word' id='word_1_137' title='bbox 1469 2192 1626 2267; x_wconf 90' lang='lat' dir='ltr'>Lochlin</span> <span class='ocrx_word' id='word_1_138' title='bbox 1643 2210 1681 2268; x_wconf 89' lang='lat' dir='ltr'>et</span> <span class='ocrx_word' id='word_1_139' title='bbox 1698 2219 1783 2268; x_wconf 91' lang='lat' dir='ltr'>cum</span> <span class='ocrx_word' id='word_1_140' title='bbox 1799 2194 1909 2266; x_wconf 85' lang='lat' dir='ltr'>Tiro·</span> 
     </span>
     <span class='ocr_line' id='line_1_15' title="bbox 327 2317 1911 2422; baseline -0.004 -23"><span class='ocrx_word' id='word_1_141' title='bbox 327 2325 512 2413; x_wconf 86' lang='lat' dir='ltr'>nensibus,</span> <span class='ocrx_word' id='word_1_142' title='bbox 534 2335 677 2396; x_wconf 89' lang='lat' dir='ltr'>etcum</span> <span class='ocrx_word' id='word_1_143' title='bbox 698 2317 940 2406; x_wconf 81' lang='lat' dir='ltr'>Dalnaradiis,</span> <span class='ocrx_word' id='word_1_144' title='bbox 955 2330 993 2390; x_wconf 85' lang='lat' dir='ltr'>et</span> <span class='ocrx_word' id='word_1_145' title='bbox 1010 2342 1094 2390; x_wconf 89' lang='lat' dir='ltr'>cum</span> <span class='ocrx_word' id='word_1_146' title='bbox 1107 2319 1306 2415; x_wconf 84' lang='lat' dir='ltr'>Argialliis,</span> <span class='ocrx_word' id='word_1_147' title='bbox 1327 2344 1442 2415; x_wconf 86' lang='lat' dir='ltr'>usque</span> <span class='ocrx_word' id='word_1_148' title='bbox 1459 2344 1632 2422; x_wconf 84' lang='lat' dir='ltr'>campum</span> <span class='ocrx_word' id='word_1_149' title='bbox 1645 2318 1770 2406; x_wconf 85' lang='lat' dir='ltr'>Covae,</span> <span class='ocrx_word' id='word_1_150' title='bbox 1791 2319 1911 2402; x_wconf 83' lang='lat' dir='ltr'>donec</span> 
     </span>
     <span class='ocr_line' id='line_1_16' title="bbox 328 2441 1912 2539; baseline -0.003 -18"><span class='ocrx_word' id='word_1_151' title='bbox 328 2449 563 2521; x_wconf 88' lang='lat' dir='ltr'>abstulerunt</span> <span class='ocrx_word' id='word_1_152' title='bbox 597 2443 743 2517; x_wconf 89' lang='lat' dir='ltr'>obsides</span> <span class='ocrx_word' id='word_1_153' title='bbox 776 2441 995 2515; x_wconf 74' lang='lat' dir='ltr'>Euchomm</span> <span class='ocrx_word' id='word_1_154' title='bbox 1050 2441 1298 2513; x_wconf 76' lang='lat' dir='ltr'>Reverterunt</span> <span class='ocrx_word' id='word_1_155' title='bbox 1333 2459 1459 2539; x_wconf 82' lang='lat' dir='ltr'>postea</span> <span class='ocrx_word' id='word_1_156' title='bbox 1489 2469 1512 2516; x_wconf 85' lang='lat' dir='ltr'>a</span> <span class='ocrx_word' id='word_1_157' title='bbox 1546 2468 1657 2516; x_wconf 84' lang='lat' dir='ltr'>manu</span> <span class='ocrx_word' id='word_1_158' title='bbox 1692 2443 1841 2516; x_wconf 84' lang='lat' dir='ltr'>sinistra</span> <span class='ocrx_word' id='word_1_159' title='bbox 1870 2443 1912 2517; x_wconf 84' lang='lat' dir='ltr'>in</span> 
     </span>
     <span class='ocr_line' id='line_1_17' title="bbox 325 2564 1911 2671; baseline -0.004 -24"><span class='ocrx_word' id='word_1_160' title='bbox 325 2587 438 2646; x_wconf 88' lang='lat' dir='ltr'>terras</span> <span class='ocrx_word' id='word_1_161' title='bbox 458 2569 680 2671; x_wconf 86' lang='lat' dir='ltr'>Bregiarum,</span> <span class='ocrx_word' id='word_1_162' title='bbox 713 2566 833 2639; x_wconf 88' lang='lat' dir='ltr'>donec</span> <span class='ocrx_word' id='word_1_163' title='bbox 857 2564 1027 2638; x_wconf 71' lang='lat' dir='ltr'>fecerunt</span> <span class='ocrx_word' id='word_1_164' title='bbox 1044 2565 1180 2638; x_wconf 80' lang='lat' dir='ltr'>scelera</span> <span class='ocrx_word' id='word_1_165' title='bbox 1197 2565 1356 2662; x_wconf 85' lang='lat' dir='ltr'>plurima</span> <span class='ocrx_word' id='word_1_166' title='bbox 1371 2582 1504 2640; x_wconf 87' lang='lat' dir='ltr'>contra</span> <span class='ocrx_word' id='word_1_167' title='bbox 1536 2567 1671 2657; x_wconf 82' lang='lat' dir='ltr'>Deum,</span> <span class='ocrx_word' id='word_1_168' title='bbox 1708 2580 1746 2640; x_wconf 87' lang='lat' dir='ltr'>et</span> <span class='ocrx_word' id='word_1_169' title='bbox 1779 2579 1911 2641; x_wconf 82' lang='lat' dir='ltr'>contra</span> 
     </span>
     <span class='ocr_line' id='line_1_18' title="bbox 323 2688 1910 2794; baseline -0.001 -27"><span class='ocrx_word' id='word_1_170' title='bbox 323 2697 494 2794; x_wconf 88' lang='lat' dir='ltr'>populos,</span> <span class='ocrx_word' id='word_1_171' title='bbox 513 2693 536 2766; x_wconf 90' lang='lat' dir='ltr'>i.</span> <span class='ocrx_word' id='word_1_172' title='bbox 550 2717 579 2766; x_wconf 89' lang='lat' dir='ltr'>e.</span> <span class='ocrx_word' id='word_1_173' title='bbox 600 2691 885 2766; x_wconf 80' lang='lat' dir='ltr'>combusserunt</span> <span class='ocrx_word' id='word_1_174' title='bbox 905 2688 1219 2780; x_wconf 89' lang='lat' dir='ltr'>(Monasterium)</span> <span class='ocrx_word' id='word_1_175' title='bbox 1240 2690 1336 2763; x_wconf 82' lang='lat' dir='ltr'>vadi</span> <span class='ocrx_word' id='word_1_176' title='bbox 1355 2690 1605 2780; x_wconf 82' lang='lat' dir='ltr'>Trimmensis,</span> <span class='ocrx_word' id='word_1_177' title='bbox 1627 2714 1712 2764; x_wconf 89' lang='lat' dir='ltr'>cum</span> <span class='ocrx_word' id='word_1_178' title='bbox 1731 2691 1806 2764; x_wconf 84' lang='lat' dir='ltr'>suis</span> <span class='ocrx_word' id='word_1_179' title='bbox 1836 2691 1910 2766; x_wconf 88' lang='lat' dir='ltr'>Ec·</span> 
     </span>
     <span class='ocr_line' id='line_1_19' title="bbox 222 2812 1910 2921; baseline -0.004 -26"><span class='ocrx_word' id='word_1_180' title='bbox 222 2891 224 2895; x_wconf 79' lang='grc'>,</span> <span class='ocrx_word' id='word_1_181' title='bbox 329 2817 458 2906; x_wconf 88' lang='lat' dir='ltr'>clesiis,</span> <span class='ocrx_word' id='word_1_182' title='bbox 478 2831 516 2891; x_wconf 91' lang='lat' dir='ltr'>et</span> <span class='ocrx_word' id='word_1_183' title='bbox 533 2815 678 2914; x_wconf 88' lang='lat' dir='ltr'>plurimi</span> <span class='ocrx_word' id='word_1_184' title='bbox 699 2814 791 2912; x_wconf 84' lang='lat' dir='ltr'>passi</span> <span class='ocrx_word' id='word_1_185' title='bbox 809 2826 898 2887; x_wconf 86' lang='lat' dir='ltr'>sunt</span> <span class='ocrx_word' id='word_1_186' title='bbox 910 2812 1136 2908; x_wconf 83' lang='lat' dir='ltr'>Martyrium</span> <span class='ocrx_word' id='word_1_187' title='bbox 1151 2813 1190 2886; x_wconf 92' lang='lat' dir='ltr'>in</span> <span class='ocrx_word' id='word_1_188' title='bbox 1206 2813 1267 2886; x_wconf 88' lang='lat' dir='ltr'>eis.</span> <span class='ocrx_word' id='word_1_189' title='bbox 1324 2814 1415 2921; x_wconf 79' lang='lat' dir='ltr'>an</span> <span class='ocrx_word' id='word_1_190' title='bbox 1439 2814 1635 2912; x_wconf 89' lang='lat' dir='ltr'>impetrata</span> <span class='ocrx_word' id='word_1_191' title='bbox 1652 2839 1741 2913; x_wconf 89' lang='lat' dir='ltr'>pace</span> <span class='ocrx_word' id='word_1_192' title='bbox 1761 2815 1833 2888; x_wconf 92' lang='lat' dir='ltr'>Dei</span> <span class='ocrx_word' id='word_1_193' title='bbox 1852 2817 1910 2890; x_wconf 92' lang='lat' dir='ltr'>vel</span> 
     </span>
     <span class='ocr_line' id='line_1_20' title="bbox 327 2934 1909 3036; baseline 0.001 -22"><span class='ocrx_word' id='word_1_194' title='bbox 327 2940 532 3029; x_wconf 87' lang='lat' dir='ltr'>hominum,</span> <span class='ocrx_word' id='word_1_195' title='bbox 552 2953 648 3017; x_wconf 82' lang='lat' dir='ltr'>retro</span> <span class='ocrx_word' id='word_1_196' title='bbox 665 2939 960 3012; x_wconf 84' lang='lat' dir='ltr'>ambulaverunt.</span> <span class='ocrx_word' id='word_1_197' title='bbox 1015 2934 1096 3009; x_wconf 83' lang='lat' dir='ltr'>Pax</span> <span class='ocrx_word' id='word_1_198' title='bbox 1124 2934 1211 3008; x_wconf 87' lang='lat' dir='ltr'>anni</span> <span class='ocrx_word' id='word_1_199' title='bbox 1227 2935 1342 3025; x_wconf 74' lang='lat' dir='ltr'>istius,</span> <span class='ocrx_word' id='word_1_200' title='bbox 1377 2938 1436 3010; x_wconf 90' lang='lat' dir='ltr'>vel</span> <span class='ocrx_word' id='word_1_201' title='bbox 1450 2938 1563 3036; x_wconf 82' lang='lat' dir='ltr'>paulo</span> <span class='ocrx_word' id='word_1_202' title='bbox 1581 2938 1672 3036; x_wconf 85' lang='lat' dir='ltr'>plus,</span> <span class='ocrx_word' id='word_1_203' title='bbox 1687 2938 1824 3016; x_wconf 84' lang='lat' dir='ltr'>factaa</span> <span class='ocrx_word' id='word_1_204' title='bbox 1841 2941 1909 3016; x_wconf 93' lang='lat' dir='ltr'>Vi·</span> 
     </span>
     <span class='ocr_line' id='line_1_21' title="bbox 329 3056 1518 3151; baseline -0.008 -12"><span class='ocrx_word' id='word_1_205' title='bbox 329 3065 429 3139; x_wconf 87' lang='lat' dir='ltr'>cario</span> <span class='ocrx_word' id='word_1_206' title='bbox 441 3062 596 3138; x_wconf 63' lang='lat' dir='ltr'>,Patricii</span> <span class='ocrx_word' id='word_1_207' title='bbox 612 3063 708 3137; x_wconf 87' lang='lat' dir='ltr'>inter</span> <span class='ocrx_word' id='word_1_208' title='bbox 726 3061 955 3136; x_wconf 83' lang='lat' dir='ltr'>Conuaciam</span> <span class='ocrx_word' id='word_1_209' title='bbox 975 3070 1013 3133; x_wconf 88' lang='lat' dir='ltr'>et</span> <span class='ocrx_word' id='word_1_210' title='bbox 1032 3056 1289 3151; x_wconf 73' lang='lat' dir='ltr'>Mummiam]</span> <span class='ocrx_word' id='word_1_211' title='bbox 1513 3128 1518 3141; x_wconf 77' lang='grc'><em>,</em></span> 
     </span>
    </p>

    <p class='ocr_par' dir='ltr' id='par_1_3' title="bbox 306 3182 1943 4529">
     <span class='ocr_line' id='line_1_22' title="bbox 329 3182 1913 3281; baseline -0.003 -17"><span class='ocrx_word' id='word_1_212' title='bbox 329 3190 399 3267; x_wconf 62' lang='lat' dir='ltr'>fin.</span> <span class='ocrx_word' id='word_1_213' title='bbox 426 3192 498 3281; x_wconf 63' lang='grc' dir='ltr'>Φῑ</span> <span class='ocrx_word' id='word_1_214' title='bbox 514 3205 557 3271; x_wconf 71' lang='lat' dir='ltr'><em>n</em></span> <span class='ocrx_word' id='word_1_215' title='bbox 574 3189 623 3270; x_wconf 72' lang='lat' dir='ltr'>ir.</span> <span class='ocrx_word' id='word_1_216' title='bbox 640 3186 700 3258; x_wconf 91' lang='lat' dir='ltr'>Kl.</span> <span class='ocrx_word' id='word_1_217' title='bbox 719 3185 743 3258; x_wconf 82' lang='grc' dir='ltr'><em>Ι</em></span> <span class='ocrx_word' id='word_1_218' title='bbox 747 3210 804 3257; x_wconf 89' lang='lat' dir='ltr'>an.</span> <span class='ocrx_word' id='word_1_219' title='bbox 819 3182 884 3257; x_wconf 90' lang='lat' dir='ltr'>fer.</span> <span class='ocrx_word' id='word_1_220' title='bbox 899 3183 948 3256; x_wconf 93' lang='lat' dir='ltr'>iii.</span> <span class='ocrx_word' id='word_1_221' title='bbox 970 3182 1066 3254; x_wconf 90' lang='lat' dir='ltr'>Lun.</span> <span class='ocrx_word' id='word_1_222' title='bbox 1083 3182 1145 3256; x_wconf 85' lang='lat' dir='ltr'>vii.</span> <span class='ocrx_word' id='word_1_223' title='bbox 1174 3183 1378 3273; x_wconf 77' lang='lat' dir='ltr'>MMarar</span> <span class='ocrx_word' id='word_1_224' title='bbox 1395 3184 1428 3258; x_wconf 86' lang='lat' dir='ltr'>lr.</span> <span class='ocrx_word' id='word_1_225' title='bbox 1440 3183 1634 3258; x_wconf 76' lang='lat' dir='ltr'>Reboclmn</span> <span class='ocrx_word' id='word_1_226' title='bbox 1649 3186 1731 3260; x_wconf 79' lang='lat' dir='ltr'>Air.</span> <span class='ocrx_word' id='word_1_227' title='bbox 1747 3187 1913 3262; x_wconf 75' lang='lat' dir='ltr'>Lismoir</span> 
     </span>
     <span class='ocr_line' id='line_1_23' title="bbox 328 3306 1931 3397; baseline -0.005 -8"><span class='ocrx_word' id='word_1_228' title='bbox 328 3310 526 3397; x_wconf 74' lang='lat' dir='ltr'>Maelium,</span> <span class='ocrx_word' id='word_1_229' title='bbox 541 3308 885 3384; x_wconf 69' lang='lat' dir='ltr'>GitlaMocnanan</span> <span class='ocrx_word' id='word_1_230' title='bbox 901 3306 1123 3381; x_wconf 80' lang='lat' dir='ltr'>Duibdirma</span> <span class='ocrx_word' id='word_1_231' title='bbox 1135 3306 1421 3380; x_wconf 80' lang='lat' dir='ltr'>domarblrdoUl</span> <span class='ocrx_word' id='word_1_232' title='bbox 1406 3308 1541 3381; x_wconf 81' lang='lat' dir='ltr'>lltaib</span> <span class='ocrx_word' id='word_1_233' title='bbox 1526 3308 1660 3382; x_wconf 76' lang='lat' dir='ltr'>mlm&#39;r</span> <span class='ocrx_word' id='word_1_234' title='bbox 1673 3309 1908 3384; x_wconf 69' lang='lat' dir='ltr'>Taincealt.</span> <span class='ocrx_word' id='word_1_235' title='bbox 1928 3360 1931 3364; x_wconf 26' lang='grc' dir='ltr'><strong><em>ι</em></strong></span> 
     </span>
     <span class='ocr_line' id='line_1_24' title="bbox 322 3429 1943 3527; baseline 0.001 -23.011"><span class='ocrx_word' id='word_1_236' title='bbox 322 3431 427 3505; x_wconf 87' lang='lat' dir='ltr'>Com.</span> <span class='ocrx_word' id='word_1_237' title='bbox 446 3433 535 3502; x_wconf 84' lang='lat' dir='ltr'>Put.</span> <span class='ocrx_word' id='word_1_238' title='bbox 553 3455 597 3502; x_wconf 86' lang='lat' dir='ltr'>m</span> <span class='ocrx_word' id='word_1_239' title='bbox 611 3431 711 3523; x_wconf 76' lang='lat' dir='ltr'>egle,</span> <span class='ocrx_word' id='word_1_240' title='bbox 736 3431 921 3526; x_wconf 76' lang='lat' dir='ltr'>7uirderp.</span> <span class='ocrx_word' id='word_1_241' title='bbox 940 3431 1078 3503; x_wconf 83' lang='lat' dir='ltr'>iartair</span> <span class='ocrx_word' id='word_1_242' title='bbox 1091 3430 1218 3527; x_wconf 82' lang='lat' dir='ltr'>Eorpa</span> <span class='ocrx_word' id='word_1_243' title='bbox 1236 3442 1258 3510; x_wconf 87' lang='lat'>7</span> <span class='ocrx_word' id='word_1_244' title='bbox 1273 3431 1350 3504; x_wconf 83' lang='lat' dir='ltr'>oein</span> <span class='ocrx_word' id='word_1_245' title='bbox 1370 3429 1482 3503; x_wconf 78' lang='lat' dir='ltr'>chenu</span> <span class='ocrx_word' id='word_1_246' title='bbox 1499 3453 1540 3503; x_wconf 89' lang='lat' dir='ltr'>ro</span> <span class='ocrx_word' id='word_1_247' title='bbox 1557 3430 1777 3526; x_wconf 78' lang='lat' dir='ltr'>riaruiglrret</span> <span class='ocrx_word' id='word_1_248' title='bbox 1791 3429 1909 3506; x_wconf 88' lang='lat' dir='ltr'><em>Goid·</em></span> <span class='ocrx_word' id='word_1_249' title='bbox 1941 3473 1943 3476; x_wconf 96' lang='lat'>·</span> 
     </span>
     <span class='ocr_line' id='line_1_25' title="bbox 326 3550 1909 3651; baseline 0.003 -26.003"><span class='ocrx_word' id='word_1_250' title='bbox 326 3554 391 3639; x_wconf 71' lang='lat' dir='ltr'>uit,</span> <span class='ocrx_word' id='word_1_251' title='bbox 408 3551 562 3640; x_wconf 84' lang='lat' dir='ltr'>7Gaill,</span> <span class='ocrx_word' id='word_1_252' title='bbox 581 3550 708 3641; x_wconf 73' lang='lat' dir='ltr'>Lan-l,</span> <span class='ocrx_word' id='word_1_253' title='bbox 726 3551 938 3639; x_wconf 80' lang='lat' dir='ltr'>7Cleireclr‚</span> <span class='ocrx_word' id='word_1_254' title='bbox 957 3552 1200 3626; x_wconf 83' lang='lat' dir='ltr'>iarnordnedlr</span> <span class='ocrx_word' id='word_1_255' title='bbox 1214 3553 1381 3650; x_wconf 75' lang='lat' dir='ltr'>donErp</span> <span class='ocrx_word' id='word_1_256' title='bbox 1402 3550 1517 3633; x_wconf 85' lang='lat' dir='ltr'>7Sac</span> <span class='ocrx_word' id='word_1_257' title='bbox 1535 3553 1621 3631; x_wconf 72' lang='lat' dir='ltr'>Jar&#39;e</span> <span class='ocrx_word' id='word_1_258' title='bbox 1633 3552 1754 3649; x_wconf 80' lang='lat' dir='ltr'>gaclra</span> <span class='ocrx_word' id='word_1_259' title='bbox 1767 3556 1909 3651; x_wconf 74' lang='lat' dir='ltr'>graidh</span> 
     </span>
     <span class='ocr_line' id='line_1_26' title="bbox 321 3675 1922 3773; baseline 0.002 -22"><span class='ocrx_word' id='word_1_260' title='bbox 321 3680 505 3768; x_wconf 77' lang='lat' dir='ltr'>arclena,</span> <span class='ocrx_word' id='word_1_261' title='bbox 527 3691 549 3758; x_wconf 91' lang='lat'><strong>7</strong></span> <span class='ocrx_word' id='word_1_262' title='bbox 568 3677 627 3750; x_wconf 84' lang='lat' dir='ltr'>iar</span> <span class='ocrx_word' id='word_1_263' title='bbox 644 3675 828 3749; x_wconf 75' lang='lat' dir='ltr'>coirecrad</span> <span class='ocrx_word' id='word_1_264' title='bbox 839 3677 1000 3773; x_wconf 83' lang='lat' dir='ltr'>tempall,</span> <span class='ocrx_word' id='word_1_265' title='bbox 1021 3683 1045 3754; x_wconf 90' lang='lat'><em>7</em></span> <span class='ocrx_word' id='word_1_266' title='bbox 1061 3676 1221 3773; x_wconf 84' lang='lat' dir='ltr'>reilgedlr</span> <span class='ocrx_word' id='word_1_267' title='bbox 1240 3677 1368 3763; x_wconf 68' lang='lat' dir='ltr'>imilla,</span> <span class='ocrx_word' id='word_1_268' title='bbox 1388 3676 1634 3751; x_wconf 82' lang='lat' dir='ltr'>iartidlrnucal</span> <span class='ocrx_word' id='word_1_269' title='bbox 1649 3690 1723 3750; x_wconf 70' lang='lat' dir='ltr'>scot</span> <span class='ocrx_word' id='word_1_270' title='bbox 1741 3688 1765 3758; x_wconf 89' lang='grc'>7</span> <span class='ocrx_word' id='word_1_271' title='bbox 1781 3681 1922 3771; x_wconf 84' lang='lat' dir='ltr'>moine,</span> 
     </span>
     <span class='ocr_line' id='line_1_27' title="bbox 322 3794 1926 3898; baseline -0.001 -24"><span class='ocrx_word' id='word_1_272' title='bbox 322 3802 510 3874; x_wconf 76' lang='lat' dir='ltr'>inrueruil</span> <span class='ocrx_word' id='word_1_273' title='bbox 526 3801 675 3898; x_wconf 82' lang='lat' dir='ltr'>riaglrla</span> <span class='ocrx_word' id='word_1_274' title='bbox 693 3811 714 3879; x_wconf 87' lang='grc'>7</span> <span class='ocrx_word' id='word_1_275' title='bbox 731 3794 926 3898; x_wconf 76' lang='lat' dir='ltr'>soberusin·</span> <span class='ocrx_word' id='word_1_276' title='bbox 939 3800 1027 3874; x_wconf 80' lang='lat' dir='ltr'>cnclr</span> <span class='ocrx_word' id='word_1_277' title='bbox 1044 3814 1090 3874; x_wconf 89' lang='lat' dir='ltr'>et.</span> <span class='ocrx_word' id='word_1_278' title='bbox 1111 3801 1233 3874; x_wconf 82' lang='lat' dir='ltr'>tunitlr</span> <span class='ocrx_word' id='word_1_279' title='bbox 1258 3812 1281 3881; x_wconf 90' lang='lat'><strong>7</strong></span> <span class='ocrx_word' id='word_1_280' title='bbox 1300 3801 1418 3887; x_wconf 78' lang='lat' dir='ltr'>eclair,</span> <span class='ocrx_word' id='word_1_281' title='bbox 1436 3802 1497 3873; x_wconf 78' lang='lat' dir='ltr'>iar</span> <span class='ocrx_word' id='word_1_282' title='bbox 1512 3800 1718 3897; x_wconf 77' lang='lat' dir='ltr'>mbetlruiglr</span> <span class='ocrx_word' id='word_1_283' title='bbox 1735 3802 1926 3876; x_wconf 48' lang='lat' dir='ltr'>celebra»</span> 
     </span>
     <span class='ocr_line' id='line_1_28' title="bbox 327 3922 1910 4024; baseline -0.001 -24"><span class='ocrx_word' id='word_1_284' title='bbox 327 3926 460 4024; x_wconf 76' lang='lat' dir='ltr'>thaiglr</span> <span class='ocrx_word' id='word_1_285' title='bbox 478 3924 736 4024; x_wconf 80' lang='lat' dir='ltr'>aiffrennaiglr,</span> <span class='ocrx_word' id='word_1_286' title='bbox 754 3922 914 4018; x_wconf 81' lang='lat' dir='ltr'>uentiglr,</span> <span class='ocrx_word' id='word_1_287' title='bbox 927 3925 1199 4021; x_wconf 80' lang='lat' dir='ltr'>earnaigtltidlr,</span> <span class='ocrx_word' id='word_1_288' title='bbox 1221 3925 1317 3998; x_wconf 83' lang='lat' dir='ltr'>iarn</span> <span class='ocrx_word' id='word_1_289' title='bbox 1336 3925 1481 4022; x_wconf 80' lang='lat' dir='ltr'>ongadlr</span> <span class='ocrx_word' id='word_1_290' title='bbox 1499 3925 1716 4021; x_wconf 80' lang='lat' dir='ltr'>7aitlrrigl1i</span> <span class='ocrx_word' id='word_1_291' title='bbox 1730 3927 1847 4021; x_wconf 74' lang='lat' dir='ltr'>togke,</span> <span class='ocrx_word' id='word_1_292' title='bbox 1865 3950 1910 3998; x_wconf 84' lang='lat' dir='ltr'>ro</span> 
     </span>
     <span class='ocr_line' id='line_1_29' title="bbox 306 4046 1904 4157; baseline 0.002 -34"><span class='ocrx_word' id='word_1_293' title='bbox 306 4047 455 4157; x_wconf 76' lang='lat' dir='ltr'>¹struidlr</span> <span class='ocrx_word' id='word_1_294' title='bbox 470 4076 493 4124; x_wconf 87' lang='lat' dir='ltr'><strong><em>a</em></strong></span> <span class='ocrx_word' id='word_1_295' title='bbox 509 4052 653 4127; x_wconf 82' lang='lat' dir='ltr'>manain</span> <span class='ocrx_word' id='word_1_296' title='bbox 668 4050 785 4121; x_wconf 72' lang='lat' dir='ltr'>umine</span> <span class='ocrx_word' id='word_1_297' title='bbox 800 4048 939 4143; x_wconf 81' lang='lat' dir='ltr'>Aingel</span> <span class='ocrx_word' id='word_1_298' title='bbox 952 4059 975 4128; x_wconf 91' lang='lat'><strong>7</strong></span> <span class='ocrx_word' id='word_1_299' title='bbox 990 4049 1224 4145; x_wconf 77' lang='lat' dir='ltr'>Archaingel</span> <span class='ocrx_word' id='word_1_300' title='bbox 1234 4046 1381 4154; x_wconf 6' lang='lat' dir='ltr'>pinara.</span> <span class='ocrx_word' id='word_1_301' title='bbox 1395 4048 1487 4121; x_wconf 85' lang='lat' dir='ltr'><strong><em>Pat.</em></strong></span> <span class='ocrx_word' id='word_1_302' title='bbox 1505 4048 1573 4121; x_wconf 77' lang='lat' dir='ltr'>irin</span> <span class='ocrx_word' id='word_1_303' title='bbox 1593 4050 1793 4124; x_wconf 78' lang='lat' dir='ltr'>Mumlrain</span> <span class='ocrx_word' id='word_1_304' title='bbox 1812 4051 1824 4122; x_wconf 92' lang='lat' dir='ltr'>i</span> <span class='ocrx_word' id='word_1_305' title='bbox 1843 4051 1904 4126; x_wconf 82' lang='lat' dir='ltr'>Kl.</span> 
     </span>
     <span class='ocr_line' id='line_1_30' title="bbox 327 4170 1907 4272; baseline -0.001 -26"><span class='ocrx_word' id='word_1_306' title='bbox 327 4174 443 4272; x_wconf 87' lang='lat' dir='ltr'>April,</span> <span class='ocrx_word' id='word_1_307' title='bbox 463 4175 500 4246; x_wconf 83' lang='lat' dir='ltr'>in</span> <span class='ocrx_word' id='word_1_308' title='bbox 515 4171 658 4271; x_wconf 66' lang='lat' dir='ltr'>unfra</span> <span class='ocrx_word' id='word_1_309' title='bbox 669 4186 690 4252; x_wconf 91' lang='lat'><strong>7</strong></span> <span class='ocrx_word' id='word_1_310' title='bbox 700 4173 773 4246; x_wconf 82' lang='lat' dir='ltr'>irin</span> <span class='ocrx_word' id='word_1_311' title='bbox 791 4173 830 4244; x_wconf 90' lang='lat' dir='ltr'>iv</span> <span class='ocrx_word' id='word_1_312' title='bbox 847 4196 891 4244; x_wconf 89' lang='lat' dir='ltr'>m.</span> <span class='ocrx_word' id='word_1_313' title='bbox 913 4172 957 4244; x_wconf 83' lang='lat' dir='ltr'>bl.</span> <span class='ocrx_word' id='word_1_314' title='bbox 967 4197 1019 4244; x_wconf 78' lang='grc' dir='ltr'>νν</span> <span class='ocrx_word' id='word_1_315' title='bbox 1034 4173 1067 4244; x_wconf 86' lang='lat' dir='ltr'>it</span> <span class='ocrx_word' id='word_1_316' title='bbox 1081 4195 1104 4243; x_wconf 86' lang='grc' dir='ltr'><em>α</em></span> <span class='ocrx_word' id='word_1_317' title='bbox 1117 4173 1150 4244; x_wconf 83' lang='lat' dir='ltr'><em>A</em></span> <span class='ocrx_word' id='word_1_318' title='bbox 1156 4171 1291 4260; x_wconf 78' lang='lat' dir='ltr'>bdaine,</span> <span class='ocrx_word' id='word_1_319' title='bbox 1305 4184 1327 4251; x_wconf 97' lang='lat'><strong>7</strong></span> <span class='ocrx_word' id='word_1_320' title='bbox 1342 4171 1410 4244; x_wconf 74' lang='lat' dir='ltr'>isin</span> <span class='ocrx_word' id='word_1_321' title='bbox 1427 4173 1449 4243; x_wconf 92' lang='grc' dir='ltr'>Ι.</span> <span class='ocrx_word' id='word_1_322' title='bbox 1465 4195 1509 4244; x_wconf 84' lang='lat' dir='ltr'>nr.</span> <span class='ocrx_word' id='word_1_323' title='bbox 1523 4170 1604 4243; x_wconf 79' lang='lat' dir='ltr'>nrbl.</span> <span class='ocrx_word' id='word_1_324' title='bbox 1619 4197 1643 4245; x_wconf 86' lang='lat' dir='ltr'><em>a</em></span> <span class='ocrx_word' id='word_1_325' title='bbox 1654 4173 1735 4246; x_wconf 82' lang='lat' dir='ltr'>ciri.</span> <span class='ocrx_word' id='word_1_326' title='bbox 1750 4172 1907 4246; x_wconf 79' lang='lat' dir='ltr'>Rucadlr</span> 
     </span>
     <span class='ocr_line' id='line_1_31' title="bbox 328 4294 1909 4396; baseline -0.003 -22"><span class='ocrx_word' id='word_1_327' title='bbox 328 4302 384 4374; x_wconf 83' lang='lat' dir='ltr'>tri</span> <span class='ocrx_word' id='word_1_328' title='bbox 400 4326 423 4372; x_wconf 84' lang='lat' dir='ltr'><em>a</em></span> <span class='ocrx_word' id='word_1_329' title='bbox 441 4297 550 4395; x_wconf 81' lang='lat' dir='ltr'>ehorp</span> <span class='ocrx_word' id='word_1_330' title='bbox 567 4299 608 4370; x_wconf 76' lang='grc' dir='ltr'>ΙΙΙ</span> <span class='ocrx_word' id='word_1_331' title='bbox 625 4298 665 4370; x_wconf 92' lang='lat' dir='ltr'>iii</span> <span class='ocrx_word' id='word_1_332' title='bbox 685 4297 736 4369; x_wconf 92' lang='lat' dir='ltr'>N.</span> <span class='ocrx_word' id='word_1_333' title='bbox 756 4299 825 4394; x_wconf 87' lang='lat' dir='ltr'>Ap.</span> <span class='ocrx_word' id='word_1_334' title='bbox 846 4321 886 4372; x_wconf 90' lang='lat' dir='ltr'>co</span> <span class='ocrx_word' id='word_1_335' title='bbox 903 4297 1053 4370; x_wconf 79' lang='lat' dir='ltr'>Lerrnor</span> <span class='ocrx_word' id='word_1_336' title='bbox 1081 4295 1276 4384; x_wconf 83' lang='lat' dir='ltr'>Moclrutu,</span> <span class='ocrx_word' id='word_1_337' title='bbox 1308 4297 1351 4369; x_wconf 85' lang='lat' dir='ltr'>do</span> <span class='ocrx_word' id='word_1_338' title='bbox 1369 4297 1446 4369; x_wconf 73' lang='grc' dir='ltr'><em>νεῖν</em></span> <span class='ocrx_word' id='word_1_339' title='bbox 1469 4321 1492 4369; x_wconf 84' lang='lat' dir='ltr'><em>a</em></span> <span class='ocrx_word' id='word_1_340' title='bbox 1508 4311 1634 4371; x_wconf 77' lang='lat' dir='ltr'>tumne</span> <span class='ocrx_word' id='word_1_341' title='bbox 1637 4294 1806 4396; x_wconf 79' lang='lat' dir='ltr'>sudlein,</span> <span class='ocrx_word' id='word_1_342' title='bbox 1827 4307 1909 4375; x_wconf 86' lang='lat' dir='ltr'>7ro</span> 
     </span>
     <span class='ocr_line' id='line_1_32' title="bbox 307 4417 1908 4529; baseline -0.002 -31"><span class='ocrx_word' id='word_1_343' title='bbox 307 4422 534 4529; x_wconf 11' lang='lat' dir='ltr'>‘fertlraired</span> <span class='ocrx_word' id='word_1_344' title='bbox 557 4445 596 4494; x_wconf 87' lang='lat' dir='ltr'>co</span> <span class='ocrx_word' id='word_1_345' title='bbox 612 4419 798 4507; x_wconf 81' lang='lat' dir='ltr'>salmaiblr,</span> <span class='ocrx_word' id='word_1_346' title='bbox 829 4432 852 4499; x_wconf 98' lang='lat'><strong>7</strong></span> <span class='ocrx_word' id='word_1_347' title='bbox 865 4418 1047 4514; x_wconf 73' lang='lat' dir='ltr'>ymnuiblr,</span> <span class='ocrx_word' id='word_1_348' title='bbox 1067 4417 1128 4516; x_wconf 81' lang='lat' dir='ltr'>(l)</span> <span class='ocrx_word' id='word_1_349' title='bbox 1153 4432 1173 4500; x_wconf 95' lang='lat'><strong>7</strong></span> <span class='ocrx_word' id='word_1_350' title='bbox 1193 4419 1433 4510; x_wconf 80' lang='lat' dir='ltr'>canntaiciblr,</span> <span class='ocrx_word' id='word_1_351' title='bbox 1454 4433 1476 4499; x_wconf 97' lang='lat'><strong>7</strong></span> <span class='ocrx_word' id='word_1_352' title='bbox 1506 4444 1548 4492; x_wconf 83' lang='lat' dir='ltr'>ro</span> <span class='ocrx_word' id='word_1_353' title='bbox 1567 4421 1593 4492; x_wconf 87' lang='grc' dir='ltr'>Ιι</span> <span class='ocrx_word' id='word_1_354' title='bbox 1619 4420 1751 4494; x_wconf 82' lang='lat' dir='ltr'>adlmai</span> <span class='ocrx_word' id='word_1_355' title='bbox 1765 4420 1851 4492; x_wconf 80' lang='lat' dir='ltr'>cedlr</span> <span class='ocrx_word' id='word_1_356' title='bbox 1867 4444 1908 4494; x_wconf 87' lang='lat' dir='ltr'>co</span> 
     </span>
    </p>
   </div>
   <div class='ocr_carea' id='block_1_3' title="bbox 325 4768 1908 4948">
    <p class='ocr_par' dir='ltr' id='par_1_4' title="bbox 325 4768 1908 4948">
     <span class='ocr_line' id='line_1_33' title="bbox 331 4768 1908 4852; baseline 0.001 -22"><span class='ocrx_word' id='word_1_357' title='bbox 331 4777 378 4852; x_wconf 86' lang='grc'>(1)</span> <span class='ocrx_word' id='word_1_358' title='bbox 403 4777 445 4833; x_wconf 83' lang='lat' dir='ltr'>En</span> <span class='ocrx_word' id='word_1_359' title='bbox 458 4777 569 4835; x_wconf 73' lang='lat' dir='ltr'>literam</span> <span class='ocrx_word' id='word_1_360' title='bbox 580 4795 610 4852; x_wconf 76' lang='lat' dir='ltr'>y,</span> <span class='ocrx_word' id='word_1_361' title='bbox 624 4773 709 4848; x_wconf 81' lang='lat' dir='ltr'>cujus</span> <span class='ocrx_word' id='word_1_362' title='bbox 723 4769 778 4829; x_wconf 88' lang='lat' dir='ltr'>hoc</span> <span class='ocrx_word' id='word_1_363' title='bbox 790 4779 834 4828; x_wconf 86' lang='lat' dir='ltr'>est</span> <span class='ocrx_word' id='word_1_364' title='bbox 846 4768 969 4845; x_wconf 90' lang='lat' dir='ltr'>primurn</span> <span class='ocrx_word' id='word_1_365' title='bbox 984 4780 1014 4825; x_wconf 83' lang='lat' dir='ltr'>et</span> <span class='ocrx_word' id='word_1_366' title='bbox 1028 4771 1144 4828; x_wconf 89' lang='lat' dir='ltr'>unicum</span> <span class='ocrx_word' id='word_1_367' title='bbox 1160 4773 1323 4848; x_wconf 85' lang='lat' dir='ltr'>exemplum</span> <span class='ocrx_word' id='word_1_368' title='bbox 1339 4772 1366 4829; x_wconf 89' lang='lat' dir='ltr'>in</span> <span class='ocrx_word' id='word_1_369' title='bbox 1388 4772 1430 4830; x_wconf 84' lang='lat' dir='ltr'>his</span> <span class='ocrx_word' id='word_1_370' title='bbox 1445 4772 1615 4841; x_wconf 74' lang='lat' dir='ltr'>Annalibus,</span> <span class='ocrx_word' id='word_1_371' title='bbox 1630 4773 1717 4849; x_wconf 86' lang='lat' dir='ltr'>idque</span> <span class='ocrx_word' id='word_1_372' title='bbox 1728 4772 1756 4829; x_wconf 92' lang='lat' dir='ltr'>in</span> <span class='ocrx_word' id='word_1_373' title='bbox 1772 4791 1841 4831; x_wconf 86' lang='lat' dir='ltr'>voce</span> <span class='ocrx_word' id='word_1_374' title='bbox 1853 4773 1908 4831; x_wconf 75' lang='lat' dir='ltr'>Le·</span> 
     </span>
     <span class='ocr_line' id='line_1_34' title="bbox 325 4865 1808 4948; baseline 0 -22"><span class='ocrx_word' id='word_1_375' title='bbox 325 4870 399 4940; x_wconf 68' lang='lat' dir='ltr'>cina,</span> <span class='ocrx_word' id='word_1_376' title='bbox 410 4890 500 4948; x_wconf 81' lang='lat' dir='ltr'>parce</span> <span class='ocrx_word' id='word_1_377' title='bbox 513 4873 636 4932; x_wconf 75' lang='lat' dir='ltr'>detorta.</span> <span class='ocrx_word' id='word_1_378' title='bbox 660 4876 679 4902; x_wconf 90' lang='grc'><strong>“</strong></span> <span class='ocrx_word' id='word_1_379' title='bbox 694 4868 796 4935; x_wconf 86' lang='lat' dir='ltr'>Licuit,</span> <span class='ocrx_word' id='word_1_380' title='bbox 806 4884 977 4944; x_wconf 78' lang='lat' dir='ltr'>semperque</span> <span class='ocrx_word' id='word_1_381' title='bbox 993 4865 1101 4936; x_wconf 75' lang='lat' dir='ltr'>licebit,</span> <span class='ocrx_word' id='word_1_382' title='bbox 1115 4865 1254 4945; x_wconf 77' lang='lat' dir='ltr'>signatum</span> <span class='ocrx_word' id='word_1_383' title='bbox 1264 4878 1407 4946; x_wconf 21' lang='lat' dir='ltr'>&#39;presente</span> <span class='ocrx_word' id='word_1_384' title='bbox 1421 4879 1489 4928; x_wconf 71' lang='lat' dir='ltr'>nour</span> <span class='ocrx_word' id='word_1_385' title='bbox 1497 4870 1661 4947; x_wconf 81' lang='lat' dir='ltr'>producere</span> <span class='ocrx_word' id='word_1_386' title='bbox 1670 4869 1808 4929; x_wconf 86' lang='lat' dir='ltr'>nomeu.&#39;&#39;</span> 
     </span>
    </p>
   </div>
   <div class='ocr_carea' id='block_1_4' title="bbox 0 0 2228 6000">
    <p class='ocr_par' dir='ltr' id='par_1_5' title="bbox 0 0 2228 6000">
     <span class='ocr_line' id='line_1_35' title="bbox 0 0 2228 6000; baseline 0 0"><span class='ocrx_word' id='word_1_387' title='bbox 0 0 2228 6000; x_wconf 95' lang='lat' dir='ltr'> </span> 
     </span>
    </p>
   </div>
  </div>
 </body>
</html>
