4446 6000
236 530 239 534 >
315 474 383 576 86
736 506 994 574 nonanus
1022 500 1429 570 unrouransas.

302 690 495 767 'Gertnide
510 688 664 766 Abbatis
687 689 830 763 Cluana
858 689 997 775 Irnird,
1015 698 1053 760 et
1072 687 1177 759 Mors
1197 686 1417 760 Crnnnnmil
1441 685 1508 757 sriii
1539 686 1709 786 Calggen
1740 690 1900 770 Abbatls

316 818 487 890 errcnin.
542 815 662 887 Donel
695 836 749 884 mc
785 813 949 887 Colrnoin
980 813 1114 883 indrnirr
1159 813 1329 904 [ΨΜ]
1401 811 1527 884 Abbas
1560 813 1826 907 Ardbroecoin,
1862 833 1902 895 et

318 941 466 1014 Colman
482 962 559 1009 moe
574 935 739 1009 illnrrorr
759 933 884 1008 Abbas
904 935 1028 1030 Moigi
1046 934 1114 1006 bile
1132 933 1364 1029 quieveruut.
1431 934 1632 1032 iugulatio
1649 937 1898 1039 Moelrffotnr*

306 1065 398 1155 tnr'g
416 1060 478 1131 tilii
500 1059 718 1133 Mooletuile
734 1061 769 1132 di
788 1057 957 1155 Lnignr'd,
984 1057 1046 1152 [de
1066 1054 1375 1152 Lageniensibos]
1412 1057 1470 1129 vir
1496 1060 1650 1157 sapiens,
1671 1071 1709 1136 et
1729 1063 1900 1138 ancorita

318 1186 432 1258 insole
451 1185 576 1256 Vacce
592 1181 683 1271 albe,
706 1181 908 1270 Dnblittir,
928 1193 966 1254 et
983 1178 1131 1254 Samson
1150 1204 1263 1278 nepos
1284 1181 1462 1255 Cororoin
1479 1180 1721 1258 dormierunt.
1775 1187 1897 1262 Bodi-

317 1309 398 1381 toclr
414 1330 491 1379 mne
506 1305 654 1381 Conoill
670 1303 791 1380 Gorbi
808 1303 973 1401 [Conalli
992 1302 1143 1396 morosi]
1159 1328 1223 1375 rex
1237 1303 1384 1402 Coirprr'
1398 1304 1564 1378 moritur.

304 1433 382 1508 aa.
409 1428 485 1507 Dat
502 1448 565 1514 m
582 1430 630 1505 bi
686 1429 790 1501 Mors
815 1427 964 1500 Ilonoin
982 1424 1140 1499 Abbatis
1159 1425 1396 1522 Cinngnroid.
1451 1426 1582 1505 Feolbe
1610 1429 1708 1504 filius
1742 1430 1895 1521 Garrire,

316 1555 508 1628 oleon-noi
531 1553 633 1625 heres
659 1553 823 1633 Crosoin,
855 1551 892 1621 in
919 1547 1109 1647 profundo
1132 1549 1253 1646 pelagi
1283 1550 1463 1622 dimersus
1491 1567 1546 1624 est
1567 1577 1653 1625 cum
1674 1554 1749 1628 suis
1773 1558 1899 1630 nautis

303 1702 469 1750 numero
489 1676 581 1748 xxii.
604 1673 664 1770 (5)
685 1673 836 1748 Conmol
849 1696 961 1769 nepos
972 1670 1135 1745 Loodene
1147 1671 1273 1743 Abbas
1293 1673 1406 1746 Clono
1426 1700 1479 1748 rnc
1495 1681 1618 1750 canois
1632 1692 1773 1776 pausat.
1796 1683 1899 1757 Con·

314 1804 453 1902 gressio
482 1799 644 1872 invicem
662 1799 757 1870 inter
785 1810 936 1892 nepotes
955 1795 1054 1866 Acdo
1068 1792 1186 1882 Sioua,
1217 1796 1280 1868 obi
1300 1797 1469 1896 Conoing
1494 1825 1572 1875 nroc
1602 1804 1806 1901 Amolgoid
1820 1831 1900 1880 mo·

314 1925 415 2011 rimu,
454 1923 621 1999 Cernoclr
645 1920 748 2010 vicit,
785 1931 822 1991 et
849 1919 985 1992 Collo!
1014 1941 1092 1990 rnoc
1115 1918 1217 1991 Aeolo
1233 1920 1380 2008 cecidit,
1410 1922 1525 2020 juxta
1544 1926 1703 2025 lapidem
1722 1930 1833 2003 Aine
1850 1932 1898 2004 ab

314 2049 482 2127 orientali
504 2061 606 2147 parte
621 2060 726 2144 gestu
743 2059 808 2118 est.
863 2043 1037 2139 lituirgia
1056 2041 1314 2138 mooFergnao
1331 2045 1493 2120 Forcrid
1513 2048 1720 2147 jugulatur.
1777 2053 1897 2127 Bren-

313 2177 371 2246 sol
388 2197 442 2246 rnc
458 2170 657 2246 Concobnir·
673 2170 782 2241 oirdd
794 2167 887 2262 [alti]
901 2166 1047 2239 occisus
1066 2178 1132 2240 est.
1187 2167 1338 2265 Oengua
1353 2195 1408 2242 rur
1426 2172 1578 2245 Aillello
1604 2175 1639 2246 ri
1655 2173 1751 2270 [rex]
1780 2177 1898 2267 Aino-

314 2301 378 2371 deo
410 2296 641 2373 cronon-nn
663 2295 828 2368 moritur.
887 2294 990 2366 Mors
1019 2290 1203 2393 Grorsnig
1230 2293 1388 2367 Abbatis
1421 2296 1556 2369 Irnleco
1569 2296 1640 2395 fio.
1695 2294 1777 2372 Dol
1809 2303 1900 2375 ittir

313 2423 396 2496 Aeo
426 2423 585 2495 nolddan
617 2443 703 2494 ocur
736 2419 873 2494 Corio!
905 2443 945 2490 oc
976 2418 1119 2512 tirdogl
1162 2472 1170 2488 .
1229 2417 1463 2511 [Conventio
1493 2419 1651 2517 pacifica
1687 2422 1785 2498 iut'er
1813 2426 1895 2499 Acd

312 2736 425 2792 adanu.
438 2730 494 2798 761
526 2733 674 2810 “Oangus
697 2733 844 2790 Pictorum
860 2730 922 2787 Rex
939 2731 1019 2798 obiit,
1046 2730 1094 2806 qui
1117 2731 1204 2806 Regni
1230 2732 1272 2788 sui
1302 2733 1478 2809 Principium
1493 2751 1581 2808 osque
1603 2734 1639 2790 ad
1659 2734 1756 2804 finem,
1777 2747 1898 2794 cruento

314 2829 441 2890 facinore
466 2843 602 2909 tyrannus
621 2829 757 2907 perduxit
769 2827 1132 2887 carnifex”-Pinlrertonii
1150 2830 1238 2886 verba
1252 2827 1287 2885 de
1312 2831 1367 2886 boc
1391 2831 1469 2906 Rege
1489 2833 1617 2889 notanda
1636 2842 1701 2889 sont
1737 2838 1755 2864 ‘³
1771 2832 1799 2890 lt
1812 2833 1835 2891 is
1848 2834 1902 2893 iru-

315 2933 333 2959 “
356 2927 476 3003 possible
491 2940 520 2984 to
534 2928 599 3005 help
610 2926 766 3004 snrmcting
777 2926 840 2983 that
856 2924 904 2982 the
918 2935 997 2999 great
1010 2925 1121 2982 actions
1140 2923 1173 2981 of
1185 2924 1240 2983 this
1262 2924 1374 2991 Princo,
1395 2927 1462 2994 and,
1478 2926 1506 2984 in
1520 2928 1689 3005 particular,
1715 2929 1757 2986 bis
1771 2930 1900 3007 destroy-

313 3030 332 3056 “
355 3025 401 3100 ing
412 3025 460 3082 the
470 3026 610 3101 Kingdom
622 3024 657 3082 os
668 3024 818 3094 Dalriada,
828 3042 865 3081 au
877 3021 949 3079 lrisb
960 3021 1131 3089 seulement,
1160 3021 1283 3078 iuduced
1299 3039 1354 3078 our
1364 3021 1436 3081 Irisb
1447 3022 1629 3081 Chroniclors
1648 3026 1678 3080 in
1703 3026 1861 3100 Scotland,
1871 3039 1901 3084 to

190 3196 192 3202 γ
314 3126 332 3153 “
355 3133 466 3198 perrort
481 3123 529 3180 the
543 3121 638 3180 Pikisb
654 3121 821 3179 Cbrouicles
833 3158 835 3162 μ
845 3129 876 3177 at
890 3119 945 3174 tbis
965 3117 1181 3193 period-Tbe
1203 3117 1346 3194 Kingdom
1366 3120 1422 3177 and
1437 3138 1519 3177 name
1530 3118 1562 3175 of
1574 3119 1621 3176 the
1635 3120 1685 3177 old
1698 3120 1780 3180 Scots
1795 3122 1824 3178 in
1838 3122 1901 3181 Bria

210 3247 213 3254 ·
236 3256 241 3296 :
314 3223 333 3250 ¹‘
356 3219 425 3286 tuin,
440 3217 603 3275 mentioned
618 3220 655 3294 by
667 3197 819 3274 Adonrnan
833 3213 889 3271 and
904 3213 997 3281 Bede,
1014 3211 1114 3303 totally
1128 3230 1204 3269 cenae
1214 3212 1279 3271 with
1295 3213 1344 3272 the
1358 3228 1498 3292 conquest
1513 3213 1547 3273 oi
1558 3216 1707 3285 Dalriada,
1723 3218 1774 3295 [by
1790 3218 1903 3296 ngost

255 3330 258 3336 ·
315 3318 332 3344 “
356 3314 413 3369 Son
429 3310 606 3386 osVergust]
619 3312 734 3369 andare
749 3330 835 3369 never
849 3310 958 3368 alterio
974 3307 1138 3367 besound.”
1180 3307 1269 3366 Seotl.
1284 3309 1352 3367 Vol.
1370 3318 1395 3379 1,
1410 3330 1438 3387 p.
1449 3316 1518 3375 307.
1568 3311 1663 3372 lond.
1682 3317 1769 3383 1789.
1881 3373 1884 3378 ,

354 3411 395 3465 At
405 3408 465 3463 haec
480 3409 574 3464 omnia
584 3409 669 3483 gratis
682 3407 770 3476 dicta,
780 3418 809 3465 et
823 3424 936 3482 prorsus
948 3424 1070 3463 erronea
1088 3423 1158 3471 esse.
1171 3425 1208 3462 ex
1230 3405 1274 3462 bis
1293 3406 1463 3475 Annalibus,
1483 3421 1514 3467 et
1530 3407 1594 3466 aliis
1620 3408 1694 3467 infra
1717 3410 1896 3471 adducendis

312 3503 462 3562 manifeste
472 3504 589 3579 patebit
632 3502 831 3560 lilrrircodocdo
846 3500 1060 3559 Ainbceallacbi
1076 3500 1145 3569 filio,
1158 3501 1350 3558 ilibernorom
1366 3502 1496 3560 Albauiae
1517 3503 1598 3580 Regi,
1611 3506 1824 3564 successitann.
1840 3501 1901 3567 7³6

315 3600 435 3676 Dongol
458 3620 516 3656 mor
530 3598 684 3676 Scolbdoig,
700 3619 784 3674 quern
807 3582 920 3674 tienges
939 3616 998 3653 nroc
1013 3596 1119 3674 Pergus
1139 3597 1202 3655 llex
1226 3597 1371 3654 Pictorum
1391 3599 1498 3655 catenis
1519 3598 1619 3658 eodem
1633 3619 1708 3658 anno
1721 3600 1900 3676 alligavit.-

315 3696 395 3754 ldorn
410 3698 457 3773 qui
482 3702 500 3728 ⁴·
523 3695 700 3753 dehonoravit
717 3695 852 3764 Toroclr,”
867 3696 920 3753 i.e.
938 3692 1128 3770 Torylslorrd,
1152 3697 1310 3763 annom,
1335 3705 1364 3751 et
1387 3695 1560 3772 “percujus
1586 3696 1811 3755 vulnerationem
1837 3695 1902 3755 Arx

316 3792 517 3868 Don-Leillfin
533 3794 677 3850 destructa
702 3791 773 3849 suit''
787 3811 862 3848 anno
880 3810 942 3848 aerae
955 3795 1111 3859 romlsst,
1133 3808 1190 3865 quo
1213 3793 1232 3820 “
1248 3789 1277 3845 in
1304 3789 1471 3849 Hiberniam
1496 3811 1545 3869 per
1569 3805 1740 3869 potestatem
1763 3793 1900 3871 Aongarii

314 3892 425 3966 fugatus
436 3890 508 3947 est.’'
550 3888 628 3946 Idem
651 3889 771 3964 denique
782 3888 830 3964 qui
846 3886 1024 3960 Danglrolloa
1038 3893 1056 3945 2
1070 3887 1267 3964 appellatura
1281 3885 1430 3944 Flaherteo
1444 3905 1507 3962 pag.
1519 3893 1590 3957 480,
1608 3888 1655 3946 cui
1675 3888 1901 3947 succesitEocd·

314 3987 376 4044 oidlr
398 3977 572 4063 Angdd'oidl,
589 3985 607 4043 i.
622 4006 647 4043 e.
659 3985 785 4042 Acbaius
802 3983 905 4053 1v,un
922 3982 1008 4040 tradit
1022 3982 1144 4039 Flonnaa
1157 3981 1185 4039 in
1198 3981 1476 4040 Sincbronismorom
1491 3982 1598 4042 Codice
1612 3986 1735 4042 Vetusto
1750 3986 1903 4054 Stowense,

315 4085 408 4158 inquo
420 4104 547 4159 regnasse
559 4083 664 4141 dicitur
679 4083 818 4158 usquead
833 4099 938 4139 annum
953 4085 1024 4147 748,
1043 4097 1100 4154 quo
1111 4077 1192 4134 Aaou
1203 4076 1290 4134 Pione
1305 4077 1379 4135 lilius
1391 4078 1452 4153 ejus
1467 4079 1492 4135 oi
1508 4079 1654 4150 successit,
1682 4091 1713 4137 ut
1728 4081 1756 4137 in
1771 4079 1902 4136 Poenulo

317 4177 467 4234 liibernr'co
479 4181 544 4235 uniri
564 4186 649 4249 1050,
669 4179 697 4237 in
713 4178 888 4256 Appendice.
946 4175 1023 4243 Quid
1035 4175 1078 4231 his
1092 4175 1196 4251 opponi
1210 4175 1298 4252 possit
1311 4194 1410 4232 eoram
1427 4186 1498 4241 esto,
1517 4193 1642 4249 quorum
1656 4173 1769 4251 plurimi
1785 4172 1903 4230 interest

317 4275 485 4331 meminisse.
526 4279 544 4305 “
566 4275 720 4332 Temerarii
735 4295 806 4343 esse,
828 4287 857 4331 et
875 4275 922 4329 vix
936 4273 996 4330 sani
1021 4271 1153 4340 bominis,
1177 4272 1286 4347 quidvis
1308 4293 1344 4329 ex
1361 4269 1476 4327 libidine
1499 4270 1544 4329 vel
1558 4270 1707 4338 affirmare,
1728 4267 1770 4323 rel
1784 4285 1901 4343 negare,

317 4377 336 4404 “
359 4384 389 4428 et
410 4369 470 4426 sine
483 4378 563 4425 recta
578 4369 684 4425 ratione
699 4370 881 4445 scriptoribus
903 4369 1027 4445 antiquis
1043 4368 1127 4425 fidem
1142 4368 1284 4426 demere.”
1323 4365 1505 4440 Sderinglunr
1522 4366 1557 4422 de
1577 4362 1783 4440 Orig.;inglor.
1827 4363 1903 4421 Vide

314 4467 388 4524 infra
400 4467 435 4523 ad
448 4469 593 4526 aun-740.
635 4464 679 4520 De
694 4466 944 4539 prodecessoribus
956 4464 1114 4540 Danglolli
1125 4465 1190 4522 ride
1206 4475 1265 4521 not.
1280 4463 1316 4519 ad
1333 4481 1401 4519 ann.
1416 4467 1486 4524 718.

319 4568 366 4638 (5)
390 4565 430 4621 lv
440 4561 580 4639 Magistri
590 4561 625 4616 ad
635 4563 772 4620 annm
785 4577 847 4615 :urae
864 4577 939 4616 com.
951 4564 1021 4627 737,
1046 4561 1176 4635 inquiunt
1208 4565 1227 4591 ‘⁴
1240 4558 1333 4614 Foilbe
1346 4575 1405 4614 noc
1426 4557 1535 4615 Gaoire
1557 4553 1692 4613 eonardo
1707 4544 1902 4610 Mooilerablro

318 4669 336 4694 “
351 4662 384 4717 do
395 4659 514 4719 boldudl
527 4677 565 4734 go
574 4656 694 4717 broirinn
708 4675 725 4711 o
740 4655 832 4730 luinge
848 4674 864 4709 o
878 4653 1041 4730 moillefria,
1066 4655 1126 4712 dior
1140 4675 1173 4712 or
1189 4653 1276 4730 stelit
1289 4653 1401 4711 allion.''
1427 4654 1563 4730 [Falbeus
1576 4650 1650 4708 filius
1665 4650 1769 4708 Guarii
1781 4652 1904 4709 Succes-

318 4762 337 4788 ⁴‘
353 4775 399 4813 sor
418 4757 591 4824 blaolrobar,
621 4756 717 4813 Abbas
741 4750 1011 4810 Abbercrossanensi
1033 4751 1063 4809 in
1078 4750 1211 4824 Albania,
1232 4752 1386 4821 demersus,
1410 4762 1438 4806 et
1453 4759 1548 4808 nautae
1567 4747 1645 4808 naris
1670 4746 1756 4809 simol
1780 4766 1847 4806 cum
1868 4765 1906 4804 eo

318 4857 337 4887 ⁴⁴
353 4870 470 4911 numero
480 4849 583 4927 xxii.”]
